%YAML 1.1
%TAG !u! tag:unity3d.com,2011:
--- !u!1 &5097363003235245379
GameObject:
  m_ObjectHideFlags: 0
  m_CorrespondingSourceObject: {fileID: 0}
  m_PrefabInstance: {fileID: 0}
  m_PrefabAsset: {fileID: 0}
  serializedVersion: 6
  m_Component:
  - component: {fileID: 5097363003235245378}
  - component: {fileID: 5097363003235245759}
  - component: {fileID: 5097363003235245758}
  - component: {fileID: 5097363003235245756}
  - component: {fileID: 5097363003235245757}
  m_Layer: 9
  m_Name: HeavenRoadTurrent_Orange
  m_TagString: Untagged
  m_Icon: {fileID: 0}
  m_NavMeshLayer: 0
  m_StaticEditorFlags: 0
  m_IsActive: 1
--- !u!4 &5097363003235245378
Transform:
  m_ObjectHideFlags: 0
  m_CorrespondingSourceObject: {fileID: 0}
  m_PrefabInstance: {fileID: 0}
  m_PrefabAsset: {fileID: 0}
  m_GameObject: {fileID: 5097363003235245379}
  m_LocalRotation: {x: 0, y: 0, z: 0, w: 1}
  m_LocalPosition: {x: -440.81, y: 1390.08, z: 521.78}
  m_LocalScale: {x: 1, y: 1, z: 1}
  m_Children:
  - {fileID: 5097363001951691193}
  m_Father: {fileID: 0}
  m_RootOrder: 0
  m_LocalEulerAnglesHint: {x: 0, y: 0, z: 0}
--- !u!114 &5097363003235245759
MonoBehaviour:
  m_ObjectHideFlags: 0
  m_CorrespondingSourceObject: {fileID: 0}
  m_PrefabInstance: {fileID: 0}
  m_PrefabAsset: {fileID: 0}
  m_GameObject: {fileID: 5097363003235245379}
  m_Enabled: 1
  m_EditorHideFlags: 0
  m_Script: {fileID: 11500000, guid: 07e984a483ad60344bfe18baaf8644cd, type: 3}
  m_Name: 
  m_EditorClassIdentifier: 
  go_pool: {fileID: 0}
  pool: {fileID: 0}
  go_ballPool: {fileID: 0}
  ballPool: {fileID: 0}
  go_sameSpeedPool: {fileID: 0}
  sameSpeedPool: {fileID: 0}
  go_bigBallOnePattern: {fileID: 0}
  bigBallOnePattern: {fileID: 0}
  laserColliderPool: {fileID: 0}
  chaseBubblePool: {fileID: 0}
  data: {fileID: 0}
  enemyTarget: {fileID: 0}
  emitterHolder: {fileID: 0}
  rotationSpeed: 1
  rotationAngleX: 30
  rotationAngleY: 0
  rotationAngleZ: 0
  bubbles: []
  bubblesIndex: 0
  bigBall: {fileID: 0}
  firstShootingCountDown: 0
  resetShootingTime: 0
  totalWaveShootingTime: 0
  rechargeTime: 0
  bubbleEmitter: []
  shootingTimeCountDown: 0
  totalWaveShootingTimeCountDown: 0
  rechargeTimeCountDown: 0
--- !u!114 &5097363003235245758
MonoBehaviour:
  m_ObjectHideFlags: 0
  m_CorrespondingSourceObject: {fileID: 0}
  m_PrefabInstance: {fileID: 0}
  m_PrefabAsset: {fileID: 0}
  m_GameObject: {fileID: 5097363003235245379}
  m_Enabled: 1
  m_EditorHideFlags: 0
  m_Script: {fileID: 11500000, guid: 809fab753e7b0ff4abc7d17beda0b1f6, type: 3}
  m_Name: 
  m_EditorClassIdentifier: 
  b_IsKyle: 0
  b_IsSpiderRobot: 0
  b_IsLongLegRobot: 0
  b_IsLastBoss: 0
  b_DefenseTower: 1
  b_IsNiceKyle: 0
  b_IsLaserSpiderRobot: 0
  b_IsKyleWall: 0
  currentState: 0
--- !u!114 &5097363003235245756
MonoBehaviour:
  m_ObjectHideFlags: 0
  m_CorrespondingSourceObject: {fileID: 0}
  m_PrefabInstance: {fileID: 0}
  m_PrefabAsset: {fileID: 0}
  m_GameObject: {fileID: 5097363003235245379}
  m_Enabled: 1
  m_EditorHideFlags: 0
  m_Script: {fileID: 11500000, guid: 31a466e1cd5ebd449a2fd16d8165c5a6, type: 3}
  m_Name: 
  m_EditorClassIdentifier: 
  enemy: {fileID: 0}
  thisEnemyCollider: {fileID: 0}
  bubbleShooter: {fileID: 0}
  controller: {fileID: 0}
  enemyTarget: {fileID: 0}
  fightSystem: {fileID: 0}
  healthPool: {fileID: 0}
  kaiwaWindow: {fileID: 0}
  laserHitEffectPool: {fileID: 0}
  rayDistance: 2
  Chase_speed: 0.2
  kyleSpeed: 0
  target: {fileID: 0}
  ChaseRange: 1
  nextChaseSpeed: 0
  SightRange: 1
  Rotationspeed: 0.2
  kyleRotation: 0
  rb: {fileID: 0}
  movementVec: {x: 0, y: 0, z: 0}
  dirToPlayer: {x: 0, y: 0, z: 0}
  isChase: 0
  float_nextChase: 0
  float_chaseRate: 0
  fallinBackTime: 0
  fallingBackWaitTime: 0
  inBackRange: 0
  isBack: 0
  backSpeed: 0
  backRang: 0
  backWaitTimer: 0
  backWaitTimeSetting: 0
  shootingToWalkingTimer: 0
  shootingToWalkingTimeSetting: 0
  attackToWalkingTimer: 0
  attackToWalkingTimeSetting: 0
  backWaitTimerMelle: 0
  backWaitTimeMelleSetting: 0
  backWaitTimerKyle: 0
  backWaitTimeKyleSetting: 0
  maxHp: 0
  currentHp: 0
  isDead: 0
  deathTimer: 0
  C_Damage: 0
  onTriCount: 0
  float_Distance: 0
  float_checkInSight: 0
  float_SlowDownDistance: 0
  float_StopDistance: 0
  melleAttackD_Damage: 0
  melleAttack_Range: 0
  shoot_Damage: 0
  attackRate: 0
  nextAttack: 0
  bool_EnemyIsMoving: 0
  vec_EnemyCurrentVector: {x: 0, y: 0, z: 0}
  float_EnemyCurrentMoveForce: 0
  float_EnemyCurrentMoveSpeed: 0
  float_EnemyMaxSpeed: 0
  float_EnemyMaxRotateSpeed: 0
  float_EnemyTempRotateForce: 0
  bool_Attack: 0
  bool_EnemyHasRemoteAttackProperty: 0
  bool_RotateShootProperty: 0
  go_spiderTurret: {fileID: 0}
  go_spiderTurretEmitter: {fileID: 0}
  f_spiderTurretRotationSpeed: 1.5
  v_spiderAimingAngle: {x: 0, y: 0, z: 0}
  go_LaserParent: {fileID: 0}
  go_ChargeLaser: {fileID: 0}
  go_BeamLaser: {fileID: 0}
  go_SmokeAndSparks: {fileID: 0}
  go_EndLaser: {fileID: 0}
  go_LaserCollider: {fileID: 0}
  f_LaserTimer: 0
  f_LaserRechargeTimeSetting: 0
  f_LaserRechargeTimer: 0
  b_shootVisibleBubble: 0
  b_shootInvisibleBubble: 0
  b_laserColliderOn: 0
  f_LaserColliderShootSpeed: 0
  f_LaserColliderShootTimer: 0
  float_BubbleShootSpeed: 0
  float_FirstShootDelayTime: 0
  float_WaveShootTotalTime: 0
  float_WaveShootOverDelayTime: 0
  transArray_Emiiter: []
  int_BubbleDamage: 0
  float_ShootingDistance: 0
  float_RotationSpeed: 0
  defenseShield: {fileID: 0}
  HaveShield: 0
  Shield: {fileID: 0}
  shieldOpen: 0
  shieldRadius: 0
  shieldPower: 0
  bool_EnemyHasMelleAttackProperty: 0
  bool_InAttackRange: 0
  float_LookRotationSpeed: 0
  float_AttackRange: 0
  float_FirstAttackCountDown: 0
  float_FirstAttackDelayTime: 0
  float_MelleAttackRate: 0
  float_NextMelleAttack: 0
  f_KyleCrazyHealthRate: 0
  f_KyleCrazyTimer: 0
  f_KyleCrazyTimeSetting: 0
  i_KyleCrazyKaiwaPattern: 0
  int_MelleAttack_Damage: 0
  MelleAttackAnim: []
  anim: {fileID: 0}
  takeDamage: 0
  machineDamage: 0
  bladeFuryDamage: 0
  isFallingBackDown: 0
  isStandUp: 0
  IsFirstTimeAttack: 0
  IsFirstTimeShoot: 0
  i_KyleStateNumber: 0
  i_LongLegStateNumber: 0
  i_SpiderStateNumber: 0
  i_LaserSpiderStateNumber: 0
  f_LBMoveSpeed: 0
  f_LBRotationSpeed: 0
  f_LBdirToPlayer: 0
  f_LBTimer: 0
  f_LBTimerTemporarySave: 0
  i_LBStatePattern: 0
  b_LBRotating: 0
  b_LBMoving: 0
  b_LBJumping: 0
  b_LBAttacking: 0
  v_LBVectorChase: {x: 0, y: 0, z: 0}
  rb_LBrb: {fileID: 0}
  f_LBAttackPrepareRange: 0
  f_LBMelleAttackRange1: 0
  f_LBMelleAttackRange2: 0
  f_LBDeciedAttackRange: 0
  f_LBShootAttackRange: 0
  i_LBMelleAttackPattern: 0
  i_LBShootAttackPattern: 0
  b_LBEmitterRotate: 0
  f_LBLeaveStateDistance: 0
  i_LBHowManyIdleTimesToShootBigBall: 0
  f_LastBossStartActionRange: 0
  v_LBJumpTeleport: {x: 0, y: 0, z: 0}
  go_LBUnderCircleParticle: {fileID: 0}
  go_LBEmitterHolder: {fileID: 0}
  go_LBAttackEmitterHolder: {fileID: 0}
  go_LBJumpShoot: []
  go_LBShootCircle: []
  go_LBShootKome: []
  go_LBShootStar: []
  go_LBShootTriangle: []
  go_LBShootBigBall: []
  go_LBShootBigBall2: []
  go_LBShootAttack1: []
  go_LBShootBigBallTernado: []
  go_LBJumpShock: {fileID: 0}
  f_NKTimer: 0
  f_NKSpeakRange: 0
  f_NKMoveSpeed: 0
  f_NKRotateSpeed: 0
  i_NKStateNumber: 0
  b_NKRotate: 0
  q_NKStartAngle: {x: 0, y: 0, z: 0, w: 0}
  b_NKMove: 0
  otherEnemies: []
  f_NKAttackRange: 0
  v_NKdirToTarget: {x: 0, y: 0, z: 0}
  v_NKmoveVector: {x: 0, y: 0, z: 0}
  go_NKTargetPosition: []
  v_NKAngleToTarget: {x: 0, y: 0, z: 0}
  i_NKTargetPositionIndex: 0
  b_talkingKyle: 0
  b_fightingKyle: 0
  f_DistanceOfAllEnemiesToNiceKyle: 0
  b_enemiesInNiceKyleAttackRange: 0
  go_nearestEnemyToNiceKyle: {fileID: 0}
  f_DistanceOfNearstEnemyToNiceKyle: 0
  niceKyles: []
  go_nearestNiceKyleToBadKyle: {fileID: 0}
  b_badKyleFindNiceKyle: 0
  f_DistanceOfNiceKyleToBadKyle: 0
  f_DistanceOfNearestNiceKyleToBadKyle: 0
  b_BadKyleHitByPlayer: 0
  f_BadKyleSearchNiceKyleDistance: 5
  f_BadKyleAttackNiceKyleSpeed: 0
  lr_laserSpiderLaser: {fileID: 0}
  laserColliderPool: {fileID: 0}
  laserHitGroundEffectPool: {fileID: 0}
  f_laserHitGroundMakeEffectTime: 0.25
  i_KyleWallStateNumber: 0
  boss_data: {fileID: 0}
  boss_target: {fileID: 0}
  mainCamera: {fileID: 0}
  go_mainCamera: {fileID: 0}
  v_mainCameraStartPosition: {x: 0, y: 0, z: 0}
  cameraManager: {fileID: 0}
  cameraHolder: {fileID: 0}
  LBJumpShockWavePool: {fileID: 0}
  enemyBeHitEffectSoundPool: {fileID: 0}
  treasurePool: {fileID: 0}
  tm_NiceKyleBattleTri: {fileID: 0}
  tm_HeavenRoadTri: {fileID: 0}
  i_heavenTurrentState: 0
  i_heavenTurrentShootPattern: 3
  tm_BossAppearedTri: {fileID: 0}
  go_turrentEmitter: {fileID: 5097363001280305068}
  tr_turrentEmitter:
  - {fileID: 1296708124}
  f_heavenTurrentRotationSpeed: 1.5
--- !u!95 &5097363003235245757
Animator:
  serializedVersion: 3
  m_ObjectHideFlags: 0
  m_CorrespondingSourceObject: {fileID: 0}
  m_PrefabInstance: {fileID: 0}
  m_PrefabAsset: {fileID: 0}
  m_GameObject: {fileID: 5097363003235245379}
  m_Enabled: 0
  m_Avatar: {fileID: 0}
  m_Controller: {fileID: 0}
  m_CullingMode: 0
  m_UpdateMode: 0
  m_ApplyRootMotion: 0
  m_LinearVelocityBlending: 0
  m_WarningMessage: 
  m_HasTransformHierarchy: 1
  m_AllowConstantClipSamplingOptimization: 1
  m_KeepAnimatorControllerStateOnDisable: 0
--- !u!1001 &5097363002215253588
PrefabInstance:
  m_ObjectHideFlags: 0
  serializedVersion: 2
  m_Modification:
    m_TransformParent: {fileID: 5097363001951691193}
    m_Modifications:
    - target: {fileID: 939335178, guid: 29f393efdc386ee41aee6077912722cf, type: 3}
      propertyPath: m_Name
      value: Turret_basic_lvl1
      objectReference: {fileID: 0}
    - target: {fileID: 939335179, guid: 29f393efdc386ee41aee6077912722cf, type: 3}
      propertyPath: m_LocalPosition.x
      value: 0
      objectReference: {fileID: 0}
    - target: {fileID: 939335179, guid: 29f393efdc386ee41aee6077912722cf, type: 3}
      propertyPath: m_LocalPosition.y
      value: 0
      objectReference: {fileID: 0}
    - target: {fileID: 939335179, guid: 29f393efdc386ee41aee6077912722cf, type: 3}
      propertyPath: m_LocalPosition.z
      value: 0
      objectReference: {fileID: 0}
    - target: {fileID: 939335179, guid: 29f393efdc386ee41aee6077912722cf, type: 3}
      propertyPath: m_LocalRotation.x
      value: 0
      objectReference: {fileID: 0}
    - target: {fileID: 939335179, guid: 29f393efdc386ee41aee6077912722cf, type: 3}
      propertyPath: m_LocalRotation.y
      value: 0
      objectReference: {fileID: 0}
    - target: {fileID: 939335179, guid: 29f393efdc386ee41aee6077912722cf, type: 3}
      propertyPath: m_LocalRotation.z
      value: 0
      objectReference: {fileID: 0}
    - target: {fileID: 939335179, guid: 29f393efdc386ee41aee6077912722cf, type: 3}
      propertyPath: m_LocalRotation.w
      value: 1
      objectReference: {fileID: 0}
    - target: {fileID: 939335179, guid: 29f393efdc386ee41aee6077912722cf, type: 3}
      propertyPath: m_RootOrder
      value: 0
      objectReference: {fileID: 0}
    - target: {fileID: 939335179, guid: 29f393efdc386ee41aee6077912722cf, type: 3}
      propertyPath: m_LocalEulerAnglesHint.x
      value: 0
      objectReference: {fileID: 0}
    - target: {fileID: 939335179, guid: 29f393efdc386ee41aee6077912722cf, type: 3}
      propertyPath: m_LocalEulerAnglesHint.y
      value: 0
      objectReference: {fileID: 0}
    - target: {fileID: 939335179, guid: 29f393efdc386ee41aee6077912722cf, type: 3}
      propertyPath: m_LocalEulerAnglesHint.z
      value: 0
      objectReference: {fileID: 0}
    m_RemovedComponents: []
  m_SourcePrefab: {fileID: 100100000, guid: 29f393efdc386ee41aee6077912722cf, type: 3}
--- !u!1 &5097363001280305068 stripped
GameObject:
  m_CorrespondingSourceObject: {fileID: 952783352, guid: 29f393efdc386ee41aee6077912722cf,
    type: 3}
  m_PrefabInstance: {fileID: 5097363002215253588}
  m_PrefabAsset: {fileID: 0}
--- !u!4 &1296708124 stripped
Transform:
  m_CorrespondingSourceObject: {fileID: 5097363003100656712, guid: 29f393efdc386ee41aee6077912722cf,
    type: 3}
  m_PrefabInstance: {fileID: 5097363002215253588}
  m_PrefabAsset: {fileID: 0}
--- !u!1001 &5097363003091525768
PrefabInstance:
  m_ObjectHideFlags: 0
  serializedVersion: 2
  m_Modification:
    m_TransformParent: {fileID: 5097363003235245378}
    m_Modifications:
    - target: {fileID: 1559331117, guid: f99a687e918c4914ab1b4898e09d9cad, type: 3}
      propertyPath: m_Name
      value: Base_square
      objectReference: {fileID: 0}
    - target: {fileID: 1559331117, guid: f99a687e918c4914ab1b4898e09d9cad, type: 3}
      propertyPath: m_Layer
      value: 9
      objectReference: {fileID: 0}
    - target: {fileID: 1559331121, guid: f99a687e918c4914ab1b4898e09d9cad, type: 3}
      propertyPath: m_LocalPosition.x
      value: 0
      objectReference: {fileID: 0}
    - target: {fileID: 1559331121, guid: f99a687e918c4914ab1b4898e09d9cad, type: 3}
      propertyPath: m_LocalPosition.y
      value: 0
      objectReference: {fileID: 0}
    - target: {fileID: 1559331121, guid: f99a687e918c4914ab1b4898e09d9cad, type: 3}
      propertyPath: m_LocalPosition.z
      value: 0
      objectReference: {fileID: 0}
    - target: {fileID: 1559331121, guid: f99a687e918c4914ab1b4898e09d9cad, type: 3}
      propertyPath: m_LocalRotation.x
      value: -0
      objectReference: {fileID: 0}
    - target: {fileID: 1559331121, guid: f99a687e918c4914ab1b4898e09d9cad, type: 3}
      propertyPath: m_LocalRotation.y
      value: -0
      objectReference: {fileID: 0}
    - target: {fileID: 1559331121, guid: f99a687e918c4914ab1b4898e09d9cad, type: 3}
      propertyPath: m_LocalRotation.z
      value: -0
      objectReference: {fileID: 0}
    - target: {fileID: 1559331121, guid: f99a687e918c4914ab1b4898e09d9cad, type: 3}
      propertyPath: m_LocalRotation.w
      value: 1
      objectReference: {fileID: 0}
    - target: {fileID: 1559331121, guid: f99a687e918c4914ab1b4898e09d9cad, type: 3}
      propertyPath: m_RootOrder
      value: 0
      objectReference: {fileID: 0}
    - target: {fileID: 1559331121, guid: f99a687e918c4914ab1b4898e09d9cad, type: 3}
      propertyPath: m_LocalEulerAnglesHint.x
      value: 0
      objectReference: {fileID: 0}
    - target: {fileID: 1559331121, guid: f99a687e918c4914ab1b4898e09d9cad, type: 3}
      propertyPath: m_LocalEulerAnglesHint.y
      value: 0
      objectReference: {fileID: 0}
    - target: {fileID: 1559331121, guid: f99a687e918c4914ab1b4898e09d9cad, type: 3}
      propertyPath: m_LocalEulerAnglesHint.z
      value: 0
      objectReference: {fileID: 0}
    m_RemovedComponents: []
  m_SourcePrefab: {fileID: 100100000, guid: f99a687e918c4914ab1b4898e09d9cad, type: 3}
--- !u!4 &5097363001951691193 stripped
Transform:
  m_CorrespondingSourceObject: {fileID: 1559331121, guid: f99a687e918c4914ab1b4898e09d9cad,
    type: 3}
  m_PrefabInstance: {fileID: 5097363003091525768}
  m_PrefabAsset: {fileID: 0}
