%YAML 1.1
%TAG !u! tag:unity3d.com,2011:
--- !u!64 &1643017511754309764
MeshCollider:
  m_ObjectHideFlags: 0
  m_CorrespondingSourceObject: {fileID: 0}
  m_PrefabInstance: {fileID: 0}
  m_PrefabAsset: {fileID: 0}
  m_GameObject: {fileID: 2034125622206592581}
  m_Material: {fileID: 0}
  m_IsTrigger: 1
  m_Enabled: 1
  serializedVersion: 3
  m_Convex: 1
  m_CookingOptions: -1
  m_Mesh: {fileID: 4300000, guid: e928e1f27ace7644baa1e61aa1e9342e, type: 3}
--- !u!1 &6414643066684178355
GameObject:
  m_ObjectHideFlags: 0
  m_CorrespondingSourceObject: {fileID: 0}
  m_PrefabInstance: {fileID: 0}
  m_PrefabAsset: {fileID: 0}
  serializedVersion: 6
  m_Component:
  - component: {fileID: 6414643066684178351}
  - component: {fileID: 6414643066684178350}
  - component: {fileID: 6414643066684178349}
  - component: {fileID: 3271582782484287747}
  - component: {fileID: 6414643066684178344}
  m_Layer: 17
  m_Name: JumpShockWave 1
  m_TagString: JumpShockWave
  m_Icon: {fileID: 0}
  m_NavMeshLayer: 0
  m_StaticEditorFlags: 0
  m_IsActive: 1
--- !u!4 &6414643066684178351
Transform:
  m_ObjectHideFlags: 0
  m_CorrespondingSourceObject: {fileID: 0}
  m_PrefabInstance: {fileID: 0}
  m_PrefabAsset: {fileID: 0}
  m_GameObject: {fileID: 6414643066684178355}
  m_LocalRotation: {x: 0, y: 0, z: 0, w: 1}
  m_LocalPosition: {x: -401.32, y: 1389.55, z: 823.72}
  m_LocalScale: {x: 5, y: 0.1, z: 5}
  m_Children:
  - {fileID: 6419021425155893136}
  - {fileID: 2034125622206491237}
  m_Father: {fileID: 0}
  m_RootOrder: 0
  m_LocalEulerAnglesHint: {x: 0, y: 0, z: 0}
--- !u!33 &6414643066684178350
MeshFilter:
  m_ObjectHideFlags: 0
  m_CorrespondingSourceObject: {fileID: 0}
  m_PrefabInstance: {fileID: 0}
  m_PrefabAsset: {fileID: 0}
  m_GameObject: {fileID: 6414643066684178355}
  m_Mesh: {fileID: 10206, guid: 0000000000000000e000000000000000, type: 0}
--- !u!23 &6414643066684178349
MeshRenderer:
  m_ObjectHideFlags: 0
  m_CorrespondingSourceObject: {fileID: 0}
  m_PrefabInstance: {fileID: 0}
  m_PrefabAsset: {fileID: 0}
  m_GameObject: {fileID: 6414643066684178355}
  m_Enabled: 0
  m_CastShadows: 1
  m_ReceiveShadows: 1
  m_DynamicOccludee: 1
  m_MotionVectors: 1
  m_LightProbeUsage: 1
  m_ReflectionProbeUsage: 1
  m_RenderingLayerMask: 1
  m_RendererPriority: 0
  m_Materials:
  - {fileID: 10303, guid: 0000000000000000f000000000000000, type: 0}
  m_StaticBatchInfo:
    firstSubMesh: 0
    subMeshCount: 0
  m_StaticBatchRoot: {fileID: 0}
  m_ProbeAnchor: {fileID: 0}
  m_LightProbeVolumeOverride: {fileID: 0}
  m_ScaleInLightmap: 1
  m_PreserveUVs: 0
  m_IgnoreNormalsForChartDetection: 0
  m_ImportantGI: 0
  m_StitchLightmapSeams: 0
  m_SelectedEditorRenderState: 3
  m_MinimumChartSize: 4
  m_AutoUVMaxDistance: 0.5
  m_AutoUVMaxAngle: 89
  m_LightmapParameters: {fileID: 0}
  m_SortingLayerID: 0
  m_SortingLayer: 0
  m_SortingOrder: 0
--- !u!64 &3271582782484287747
MeshCollider:
  m_ObjectHideFlags: 0
  m_CorrespondingSourceObject: {fileID: 0}
  m_PrefabInstance: {fileID: 0}
  m_PrefabAsset: {fileID: 0}
  m_GameObject: {fileID: 6414643066684178355}
  m_Material: {fileID: 0}
  m_IsTrigger: 1
  m_Enabled: 0
  serializedVersion: 3
  m_Convex: 1
  m_CookingOptions: -1
  m_Mesh: {fileID: 10206, guid: 0000000000000000e000000000000000, type: 0}
--- !u!114 &6414643066684178344
MonoBehaviour:
  m_ObjectHideFlags: 0
  m_CorrespondingSourceObject: {fileID: 0}
  m_PrefabInstance: {fileID: 0}
  m_PrefabAsset: {fileID: 0}
  m_GameObject: {fileID: 6414643066684178355}
  m_Enabled: 1
  m_EditorHideFlags: 0
  m_Script: {fileID: 11500000, guid: 4530f97d4fa033344a42e4d9901a45d2, type: 3}
  m_Name: 
  m_EditorClassIdentifier: 
  LBJumpShockWavePool: {fileID: 0}
  f_stretchSpeed: 20
  effectLifeTime: 1.2
  _timer: 0
--- !u!1001 &2034125622206623973
PrefabInstance:
  m_ObjectHideFlags: 0
  serializedVersion: 2
  m_Modification:
    m_TransformParent: {fileID: 6414643066684178351}
    m_Modifications:
    - target: {fileID: 100000, guid: e928e1f27ace7644baa1e61aa1e9342e, type: 3}
      propertyPath: m_Name
      value: shakeCol
      objectReference: {fileID: 0}
    - target: {fileID: 100000, guid: e928e1f27ace7644baa1e61aa1e9342e, type: 3}
      propertyPath: m_Layer
      value: 17
      objectReference: {fileID: 0}
    - target: {fileID: 400000, guid: e928e1f27ace7644baa1e61aa1e9342e, type: 3}
      propertyPath: m_LocalPosition.x
      value: -0
      objectReference: {fileID: 0}
    - target: {fileID: 400000, guid: e928e1f27ace7644baa1e61aa1e9342e, type: 3}
      propertyPath: m_LocalPosition.y
      value: -0.30884
      objectReference: {fileID: 0}
    - target: {fileID: 400000, guid: e928e1f27ace7644baa1e61aa1e9342e, type: 3}
      propertyPath: m_LocalPosition.z
      value: 0
      objectReference: {fileID: 0}
    - target: {fileID: 400000, guid: e928e1f27ace7644baa1e61aa1e9342e, type: 3}
      propertyPath: m_LocalRotation.x
      value: -0.7071068
      objectReference: {fileID: 0}
    - target: {fileID: 400000, guid: e928e1f27ace7644baa1e61aa1e9342e, type: 3}
      propertyPath: m_LocalRotation.y
      value: 0
      objectReference: {fileID: 0}
    - target: {fileID: 400000, guid: e928e1f27ace7644baa1e61aa1e9342e, type: 3}
      propertyPath: m_LocalRotation.z
      value: -0
      objectReference: {fileID: 0}
    - target: {fileID: 400000, guid: e928e1f27ace7644baa1e61aa1e9342e, type: 3}
      propertyPath: m_LocalRotation.w
      value: 0.7071068
      objectReference: {fileID: 0}
    - target: {fileID: 400000, guid: e928e1f27ace7644baa1e61aa1e9342e, type: 3}
      propertyPath: m_RootOrder
      value: 1
      objectReference: {fileID: 0}
    - target: {fileID: 400000, guid: e928e1f27ace7644baa1e61aa1e9342e, type: 3}
      propertyPath: m_LocalEulerAnglesHint.x
      value: 0
      objectReference: {fileID: 0}
    - target: {fileID: 400000, guid: e928e1f27ace7644baa1e61aa1e9342e, type: 3}
      propertyPath: m_LocalEulerAnglesHint.y
      value: 0
      objectReference: {fileID: 0}
    - target: {fileID: 400000, guid: e928e1f27ace7644baa1e61aa1e9342e, type: 3}
      propertyPath: m_LocalEulerAnglesHint.z
      value: 0
      objectReference: {fileID: 0}
    - target: {fileID: 400000, guid: e928e1f27ace7644baa1e61aa1e9342e, type: 3}
      propertyPath: m_LocalScale.x
      value: 0.9733931
      objectReference: {fileID: 0}
    - target: {fileID: 400000, guid: e928e1f27ace7644baa1e61aa1e9342e, type: 3}
      propertyPath: m_LocalScale.y
      value: 0.9733931
      objectReference: {fileID: 0}
    - target: {fileID: 400000, guid: e928e1f27ace7644baa1e61aa1e9342e, type: 3}
      propertyPath: m_LocalScale.z
      value: 16.67617
      objectReference: {fileID: 0}
    - target: {fileID: 2300000, guid: e928e1f27ace7644baa1e61aa1e9342e, type: 3}
      propertyPath: m_Enabled
      value: 1
      objectReference: {fileID: 0}
    m_RemovedComponents: []
  m_SourcePrefab: {fileID: 100100000, guid: e928e1f27ace7644baa1e61aa1e9342e, type: 3}
--- !u!1 &2034125622206592581 stripped
GameObject:
  m_CorrespondingSourceObject: {fileID: 100000, guid: e928e1f27ace7644baa1e61aa1e9342e,
    type: 3}
  m_PrefabInstance: {fileID: 2034125622206623973}
  m_PrefabAsset: {fileID: 0}
--- !u!4 &2034125622206491237 stripped
Transform:
  m_CorrespondingSourceObject: {fileID: 400000, guid: e928e1f27ace7644baa1e61aa1e9342e,
    type: 3}
  m_PrefabInstance: {fileID: 2034125622206623973}
  m_PrefabAsset: {fileID: 0}
--- !u!1001 &6456066639890094686
PrefabInstance:
  m_ObjectHideFlags: 0
  serializedVersion: 2
  m_Modification:
    m_TransformParent: {fileID: 6414643066684178351}
    m_Modifications:
    - target: {fileID: 43904578393014874, guid: 1f6b370d26d73984792078088e4d0bef,
        type: 3}
      propertyPath: m_Name
      value: ShockWave
      objectReference: {fileID: 0}
    - target: {fileID: 43904578393014874, guid: 1f6b370d26d73984792078088e4d0bef,
        type: 3}
      propertyPath: m_Layer
      value: 17
      objectReference: {fileID: 0}
    - target: {fileID: 39546809847119310, guid: 1f6b370d26d73984792078088e4d0bef,
        type: 3}
      propertyPath: m_LocalPosition.x
      value: 0
      objectReference: {fileID: 0}
    - target: {fileID: 39546809847119310, guid: 1f6b370d26d73984792078088e4d0bef,
        type: 3}
      propertyPath: m_LocalPosition.y
      value: 0
      objectReference: {fileID: 0}
    - target: {fileID: 39546809847119310, guid: 1f6b370d26d73984792078088e4d0bef,
        type: 3}
      propertyPath: m_LocalPosition.z
      value: 0
      objectReference: {fileID: 0}
    - target: {fileID: 39546809847119310, guid: 1f6b370d26d73984792078088e4d0bef,
        type: 3}
      propertyPath: m_LocalRotation.x
      value: -0
      objectReference: {fileID: 0}
    - target: {fileID: 39546809847119310, guid: 1f6b370d26d73984792078088e4d0bef,
        type: 3}
      propertyPath: m_LocalRotation.y
      value: -0
      objectReference: {fileID: 0}
    - target: {fileID: 39546809847119310, guid: 1f6b370d26d73984792078088e4d0bef,
        type: 3}
      propertyPath: m_LocalRotation.z
      value: -0
      objectReference: {fileID: 0}
    - target: {fileID: 39546809847119310, guid: 1f6b370d26d73984792078088e4d0bef,
        type: 3}
      propertyPath: m_LocalRotation.w
      value: 1
      objectReference: {fileID: 0}
    - target: {fileID: 39546809847119310, guid: 1f6b370d26d73984792078088e4d0bef,
        type: 3}
      propertyPath: m_RootOrder
      value: 0
      objectReference: {fileID: 0}
    - target: {fileID: 39546809847119310, guid: 1f6b370d26d73984792078088e4d0bef,
        type: 3}
      propertyPath: m_LocalEulerAnglesHint.x
      value: 0
      objectReference: {fileID: 0}
    - target: {fileID: 39546809847119310, guid: 1f6b370d26d73984792078088e4d0bef,
        type: 3}
      propertyPath: m_LocalEulerAnglesHint.y
      value: 0
      objectReference: {fileID: 0}
    - target: {fileID: 39546809847119310, guid: 1f6b370d26d73984792078088e4d0bef,
        type: 3}
      propertyPath: m_LocalEulerAnglesHint.z
      value: 0
      objectReference: {fileID: 0}
    - target: {fileID: 43284709856816072, guid: 1f6b370d26d73984792078088e4d0bef,
        type: 3}
      propertyPath: m_Layer
      value: 17
      objectReference: {fileID: 0}
    - target: {fileID: 171043370973786806, guid: 1f6b370d26d73984792078088e4d0bef,
        type: 3}
      propertyPath: CollisionModule.plane0
      value: 
      objectReference: {fileID: 6414643066684178351}
    - target: {fileID: 171043370973786806, guid: 1f6b370d26d73984792078088e4d0bef,
        type: 3}
      propertyPath: TriggerModule.collisionShape0
      value: 
      objectReference: {fileID: 6414643066684178351}
    m_RemovedComponents: []
  m_SourcePrefab: {fileID: 100100000, guid: 1f6b370d26d73984792078088e4d0bef, type: 3}
--- !u!4 &6419021425155893136 stripped
Transform:
  m_CorrespondingSourceObject: {fileID: 39546809847119310, guid: 1f6b370d26d73984792078088e4d0bef,
    type: 3}
  m_PrefabInstance: {fileID: 6456066639890094686}
  m_PrefabAsset: {fileID: 0}
