%YAML 1.1
%TAG !u! tag:unity3d.com,2011:
--- !u!1 &173697415436364268
GameObject:
  m_ObjectHideFlags: 0
  m_CorrespondingSourceObject: {fileID: 0}
  m_PrefabInstance: {fileID: 0}
  m_PrefabAsset: {fileID: 0}
  serializedVersion: 6
  m_Component:
  - component: {fileID: 173697415436364269}
  m_Layer: 9
  m_Name: Emitter
  m_TagString: Untagged
  m_Icon: {fileID: 0}
  m_NavMeshLayer: 0
  m_StaticEditorFlags: 0
  m_IsActive: 1
--- !u!4 &173697415436364269
Transform:
  m_ObjectHideFlags: 0
  m_CorrespondingSourceObject: {fileID: 0}
  m_PrefabInstance: {fileID: 0}
  m_PrefabAsset: {fileID: 0}
  m_GameObject: {fileID: 173697415436364268}
  m_LocalRotation: {x: -0, y: -0, z: -0, w: 1}
  m_LocalPosition: {x: 0.69, y: 0.778, z: 1.586}
  m_LocalScale: {x: 1, y: 1, z: 1}
  m_Children: []
  m_Father: {fileID: 3384821440724938645}
  m_RootOrder: 6
  m_LocalEulerAnglesHint: {x: 0, y: 0, z: 0}
--- !u!1 &3167410971527239306
GameObject:
  m_ObjectHideFlags: 0
  m_CorrespondingSourceObject: {fileID: 0}
  m_PrefabInstance: {fileID: 0}
  m_PrefabAsset: {fileID: 0}
  serializedVersion: 6
  m_Component:
  - component: {fileID: 5060364354900337818}
  m_Layer: 9
  m_Name: selfDesign
  m_TagString: Untagged
  m_Icon: {fileID: 0}
  m_NavMeshLayer: 0
  m_StaticEditorFlags: 0
  m_IsActive: 1
--- !u!4 &5060364354900337818
Transform:
  m_ObjectHideFlags: 0
  m_CorrespondingSourceObject: {fileID: 0}
  m_PrefabInstance: {fileID: 0}
  m_PrefabAsset: {fileID: 0}
  m_GameObject: {fileID: 3167410971527239306}
  m_LocalRotation: {x: 0, y: 0, z: 0, w: 1}
  m_LocalPosition: {x: 0, y: 0, z: 0}
  m_LocalScale: {x: 1, y: 1, z: 1}
  m_Children: []
  m_Father: {fileID: 3384821440724938645}
  m_RootOrder: 7
  m_LocalEulerAnglesHint: {x: 0, y: 0, z: 0}
--- !u!1 &3384821440281302912
GameObject:
  m_ObjectHideFlags: 0
  m_CorrespondingSourceObject: {fileID: 0}
  m_PrefabInstance: {fileID: 0}
  m_PrefabAsset: {fileID: 0}
  serializedVersion: 6
  m_Component:
  - component: {fileID: 3384821440280808382}
  m_Layer: 9
  m_Name: FL_Upper_Leg
  m_TagString: Enemy
  m_Icon: {fileID: 0}
  m_NavMeshLayer: 0
  m_StaticEditorFlags: 0
  m_IsActive: 1
--- !u!4 &3384821440280808382
Transform:
  m_ObjectHideFlags: 0
  m_CorrespondingSourceObject: {fileID: 0}
  m_PrefabInstance: {fileID: 0}
  m_PrefabAsset: {fileID: 0}
  m_GameObject: {fileID: 3384821440281302912}
  m_LocalRotation: {x: -0.14540267, y: -0.35079384, z: -0.055234857, w: 0.9234451}
  m_LocalPosition: {x: -0.727328, y: -0.036535602, z: 0.5182079}
  m_LocalScale: {x: 1, y: 1, z: 1}
  m_Children:
  - {fileID: 3384821440280808368}
  m_Father: {fileID: 3384821440280808366}
  m_RootOrder: 0
  m_LocalEulerAnglesHint: {x: 0, y: 0, z: 0}
--- !u!1 &3384821440281302914
GameObject:
  m_ObjectHideFlags: 0
  m_CorrespondingSourceObject: {fileID: 0}
  m_PrefabInstance: {fileID: 0}
  m_PrefabAsset: {fileID: 0}
  serializedVersion: 6
  m_Component:
  - component: {fileID: 3384821440280808368}
  m_Layer: 9
  m_Name: FL_Mid_Leg
  m_TagString: Enemy
  m_Icon: {fileID: 0}
  m_NavMeshLayer: 0
  m_StaticEditorFlags: 0
  m_IsActive: 1
--- !u!4 &3384821440280808368
Transform:
  m_ObjectHideFlags: 0
  m_CorrespondingSourceObject: {fileID: 0}
  m_PrefabInstance: {fileID: 0}
  m_PrefabAsset: {fileID: 0}
  m_GameObject: {fileID: 3384821440281302914}
  m_LocalRotation: {x: -0.16039115, y: 0.68867606, z: -0.16039115, w: 0.68867606}
  m_LocalPosition: {x: -0, y: -0.38260263, z: 0.34741703}
  m_LocalScale: {x: 1, y: 1, z: 1}
  m_Children:
  - {fileID: 3384821440280808370}
  m_Father: {fileID: 3384821440280808382}
  m_RootOrder: 0
  m_LocalEulerAnglesHint: {x: 0, y: 0, z: 0}
--- !u!1 &3384821440281302916
GameObject:
  m_ObjectHideFlags: 0
  m_CorrespondingSourceObject: {fileID: 0}
  m_PrefabInstance: {fileID: 0}
  m_PrefabAsset: {fileID: 0}
  serializedVersion: 6
  m_Component:
  - component: {fileID: 3384821440280808370}
  m_Layer: 9
  m_Name: FL_Lower_Leg
  m_TagString: Enemy
  m_Icon: {fileID: 0}
  m_NavMeshLayer: 0
  m_StaticEditorFlags: 0
  m_IsActive: 1
--- !u!4 &3384821440280808370
Transform:
  m_ObjectHideFlags: 0
  m_CorrespondingSourceObject: {fileID: 0}
  m_PrefabInstance: {fileID: 0}
  m_PrefabAsset: {fileID: 0}
  m_GameObject: {fileID: 3384821440281302916}
  m_LocalRotation: {x: 0.09233479, y: 0.14706452, z: 0.8340444, w: 0.52365667}
  m_LocalPosition: {x: -0.7248056, y: -1.07969185e-16, z: -1.6093917e-16}
  m_LocalScale: {x: 1, y: 1, z: 1}
  m_Children:
  - {fileID: 3384821440280808372}
  m_Father: {fileID: 3384821440280808368}
  m_RootOrder: 0
  m_LocalEulerAnglesHint: {x: 0, y: 0, z: 0}
--- !u!1 &3384821440281302918
GameObject:
  m_ObjectHideFlags: 0
  m_CorrespondingSourceObject: {fileID: 0}
  m_PrefabInstance: {fileID: 0}
  m_PrefabAsset: {fileID: 0}
  serializedVersion: 6
  m_Component:
  - component: {fileID: 3384821440280808372}
  m_Layer: 9
  m_Name: FL_Lower_Leg_End
  m_TagString: Enemy
  m_Icon: {fileID: 0}
  m_NavMeshLayer: 0
  m_StaticEditorFlags: 0
  m_IsActive: 1
--- !u!4 &3384821440280808372
Transform:
  m_ObjectHideFlags: 0
  m_CorrespondingSourceObject: {fileID: 0}
  m_PrefabInstance: {fileID: 0}
  m_PrefabAsset: {fileID: 0}
  m_GameObject: {fileID: 3384821440281302918}
  m_LocalRotation: {x: 0.10816073, y: 0.9941334, z: 2.740416e-15, w: 1.3205935e-17}
  m_LocalPosition: {x: -1.5043225, y: 1.667734e-16, z: -3.3026932e-16}
  m_LocalScale: {x: 1, y: 1, z: 1}
  m_Children:
  - {fileID: 3384821440280808374}
  m_Father: {fileID: 3384821440280808370}
  m_RootOrder: 0
  m_LocalEulerAnglesHint: {x: 0, y: 0, z: 0}
--- !u!1 &3384821440281302920
GameObject:
  m_ObjectHideFlags: 0
  m_CorrespondingSourceObject: {fileID: 0}
  m_PrefabInstance: {fileID: 0}
  m_PrefabAsset: {fileID: 0}
  serializedVersion: 6
  m_Component:
  - component: {fileID: 3384821440280808360}
  - component: {fileID: 3384821440288564296}
  - component: {fileID: 173697415629901736}
  - component: {fileID: 173697415629901737}
  - component: {fileID: 173697415629901742}
  - component: {fileID: 8456150890126433061}
  - component: {fileID: 802789771}
  m_Layer: 9
  m_Name: Legs_Spider_Lt_Bubble_Final
  m_TagString: Enemy
  m_Icon: {fileID: 0}
  m_NavMeshLayer: 0
  m_StaticEditorFlags: 0
  m_IsActive: 1
--- !u!4 &3384821440280808360
Transform:
  m_ObjectHideFlags: 0
  m_CorrespondingSourceObject: {fileID: 0}
  m_PrefabInstance: {fileID: 0}
  m_PrefabAsset: {fileID: 0}
  m_GameObject: {fileID: 3384821440281302920}
  m_LocalRotation: {x: 0, y: 0, z: 0, w: 1}
  m_LocalPosition: {x: 20.634613, y: 2.68, z: 246.5532}
  m_LocalScale: {x: 1, y: 1, z: 1}
  m_Children:
  - {fileID: 3384821440280808362}
  - {fileID: 3384821440280808364}
  - {fileID: 4391112687418501089}
  m_Father: {fileID: 0}
  m_RootOrder: 0
  m_LocalEulerAnglesHint: {x: 0, y: 0, z: 0}
--- !u!95 &3384821440288564296
Animator:
  serializedVersion: 3
  m_ObjectHideFlags: 0
  m_CorrespondingSourceObject: {fileID: 0}
  m_PrefabInstance: {fileID: 0}
  m_PrefabAsset: {fileID: 0}
  m_GameObject: {fileID: 3384821440281302920}
  m_Enabled: 1
  m_Avatar: {fileID: 9000000, guid: 60977fd02627e9746a6773f6de2eceb9, type: 3}
  m_Controller: {fileID: 9100000, guid: c9e0be0e79e840a4a817cf857cfb466b, type: 2}
  m_CullingMode: 1
  m_UpdateMode: 0
  m_ApplyRootMotion: 1
  m_LinearVelocityBlending: 0
  m_WarningMessage: 
  m_HasTransformHierarchy: 1
  m_AllowConstantClipSamplingOptimization: 1
  m_KeepAnimatorControllerStateOnDisable: 0
--- !u!114 &173697415629901736
MonoBehaviour:
  m_ObjectHideFlags: 0
  m_CorrespondingSourceObject: {fileID: 0}
  m_PrefabInstance: {fileID: 0}
  m_PrefabAsset: {fileID: 0}
  m_GameObject: {fileID: 3384821440281302920}
  m_Enabled: 1
  m_EditorHideFlags: 0
  m_Script: {fileID: 11500000, guid: 07e984a483ad60344bfe18baaf8644cd, type: 3}
  m_Name: 
  m_EditorClassIdentifier: 
  go_pool: {fileID: 0}
  pool: {fileID: 0}
  go_ballPool: {fileID: 0}
  ballPool: {fileID: 0}
  go_sameSpeedPool: {fileID: 0}
  sameSpeedPool: {fileID: 0}
  go_bigBallOnePattern: {fileID: 0}
  bigBallOnePattern: {fileID: 0}
  laserColliderPool: {fileID: 0}
  chaseBubblePool: {fileID: 0}
  data: {fileID: 0}
  enemyTarget: {fileID: 0}
  emitterHolder: {fileID: 0}
  rotationSpeed: 1
  rotationAngleX: 0
  rotationAngleY: 0
  rotationAngleZ: 1
  bubbles: []
  bubblesIndex: 0
  bigBall: {fileID: 0}
  firstShootingCountDown: 0
  resetShootingTime: 0.3
  totalWaveShootingTime: 0
  rechargeTime: 0
  bubbleEmitter:
  - {fileID: 0}
  shootingTimeCountDown: 0
  totalWaveShootingTimeCountDown: 0
  rechargeTimeCountDown: 0
--- !u!114 &173697415629901737
MonoBehaviour:
  m_ObjectHideFlags: 0
  m_CorrespondingSourceObject: {fileID: 0}
  m_PrefabInstance: {fileID: 0}
  m_PrefabAsset: {fileID: 0}
  m_GameObject: {fileID: 3384821440281302920}
  m_Enabled: 1
  m_EditorHideFlags: 0
  m_Script: {fileID: 11500000, guid: 809fab753e7b0ff4abc7d17beda0b1f6, type: 3}
  m_Name: 
  m_EditorClassIdentifier: 
  b_IsKyle: 0
  b_IsSpiderRobot: 1
  b_IsLongLegRobot: 0
  b_IsLastBoss: 0
  b_DefenseTower: 0
  b_IsNiceKyle: 0
  b_IsLaserSpiderRobot: 0
  b_IsKyleWall: 0
  currentState: 0
--- !u!114 &173697415629901742
MonoBehaviour:
  m_ObjectHideFlags: 0
  m_CorrespondingSourceObject: {fileID: 0}
  m_PrefabInstance: {fileID: 0}
  m_PrefabAsset: {fileID: 0}
  m_GameObject: {fileID: 3384821440281302920}
  m_Enabled: 1
  m_EditorHideFlags: 0
  m_Script: {fileID: 11500000, guid: 31a466e1cd5ebd449a2fd16d8165c5a6, type: 3}
  m_Name: 
  m_EditorClassIdentifier: 
  enemy: {fileID: 0}
  thisEnemyCollider: {fileID: 0}
  bubbleShooter: {fileID: 0}
  controller: {fileID: 0}
  enemyTarget: {fileID: 173697415629901737}
  fightSystem: {fileID: 0}
  healthPool: {fileID: 0}
  kaiwaWindow: {fileID: 0}
  laserHitEffectPool: {fileID: 0}
  rayDistance: 2
  Chase_speed: 0.2
  kyleSpeed: 0
  LongLegSpeed: 0.2
  target: {fileID: 0}
  ChaseRange: 1
  nextChaseSpeed: 0
  SightRange: 10
  Rotationspeed: 1.5
  kyleRotation: 0
  rb: {fileID: 0}
  movementVec: {x: 0, y: 0, z: 0}
  dirToPlayer: {x: 0, y: 0, z: 0}
  isChase: 0
  float_nextChase: 0
  float_chaseRate: 0
  fallingBackTime: 0
  fallingBackWaitTime: 0
  fallingStateLeaveTimer: 0
  fallingStateLeaveTimeSetting: 0
  fallingToStandUpTimer: 0
  fallingToStandUpTimeSetting: 0
  inBackRange: 0
  isBack: 0
  backSpeed: 0
  backSpeed_LongLeg: 0.1
  backSpeed_Spider: -0.1
  backRang: 5
  backWaitTimer: 0
  backWaitTimeSetting: 0
  shootingToWalkingTimer: 0
  shootingToWalkingTimeSetting: 0
  LongLegCanBackAgainTimer: 0
  LongLegCanBackAgainTimeSetting: 0
  backWaitTimerMelle: 0
  backWaitTimeMelleSetting: 0
  backWaitTimerKyle: 0
  backWaitTimeKyleSetting: 0
  f_SpiderCanBackAgainTimer: 0
  f_SpiderCanBackAgainTimeSetting: 0
  maxHp: 15000
  currentHp: 0
  isDead: 0
  deathTimer: 0
  C_Damage: 0
  onTriCount: 0
  float_Distance: 10
  float_checkInSight: 25
  f_BadKyleSearchNiceKyleDistance: 5
  float_SlowDownDistance: 0
  float_StopDistance: 0
  melleAttackD_Damage: 0
  melleAttack_Range: 0
  shoot_Damage: 0
  attackRate: 0
  nextAttack: 0
  bool_EnemyIsMoving: 0
  vec_EnemyCurrentVector: {x: 0, y: 0, z: 0}
  float_EnemyCurrentMoveForce: 0
  float_EnemyCurrentMoveSpeed: 0
  float_EnemyMaxSpeed: 0
  float_EnemyMaxRotateSpeed: 0
  float_EnemyTempRotateForce: 0
  bool_Attack: 0
  bool_EnemyHasRemoteAttackProperty: 1
  bool_RotateShootProperty: 0
  go_spiderTurret: {fileID: 3384821440725300149}
  go_spiderTurretEmitter: {fileID: 173697415436364268}
  f_spiderTurretRotationSpeed: 1.5
  v_spiderAimingAngle: {x: 0, y: 1, z: 0}
  go_LaserParent: {fileID: 0}
  go_ChargeLaser: {fileID: 0}
  go_BeamLaser: {fileID: 0}
  go_SmokeAndSparks: {fileID: 0}
  go_EndLaser: {fileID: 0}
  go_LaserCollider: {fileID: 0}
  f_LaserTimer: 0
  f_LaserRechargeTimeSetting: 0
  f_LaserRechargeTimer: 0
  b_shootVisibleBubble: 0
  b_shootInvisibleBubble: 0
  b_laserColliderOn: 0
  f_LaserColliderShootSpeed: 0
  f_LaserColliderShootTimer: 0
  float_BubbleShootSpeed: 0.3
  float_FirstShootDelayTime: 3
  float_WaveShootTotalTime: 0
  float_WaveShootOverDelayTime: 5
  transArray_Emiiter:
  - {fileID: 173697415436364269}
  int_BubbleDamage: 0
  float_ShootingDistance: 0
  float_RotationSpeed: 0
  defenseShield: {fileID: 0}
  HaveShield: 0
  Shield: {fileID: 0}
  shieldOpen: 0
  shieldRadius: 0
  shieldPower: 0
  bool_EnemyHasMelleAttackProperty: 0
  bool_InAttackRange: 0
  float_LookRotationSpeed: 0
  float_AttackRange: 15
  float_FirstAttackCountDown: 0
  float_FirstAttackDelayTime: 0
  float_MelleAttackRate: 0
  float_NextMelleAttack: 0
  f_KyleCrazyHealthRate: 0
  f_KyleCrazyTimer: 0
  f_KyleCrazyTimeSetting: 0
  i_KyleCrazyKaiwaPattern: 0
  int_MelleAttack_Damage: 0
  MelleAttackAnim: []
  anim: {fileID: 0}
  takeDamage: 0
  machineDamage: 0
  bladeFuryDamage: 0
  isFallingBackDown: 0
  isStandUp: 0
  IsFirstTimeAttack: 0
  IsFirstTimeShoot: 1
  i_KyleStateNumber: 0
  i_LongLegStateNumber: 0
  i_SpiderStateNumber: 0
  i_LaserSpiderStateNumber: 0
  f_LBMoveSpeed: 0.08
  f_LBRotationSpeed: 0.8
  f_LBdirToPlayer: 0
  f_LBTimer: 0
  f_LBTimerTemporarySave: 0
  i_LBStatePattern: 0
  b_LBRotating: 0
  b_LBMoving: 0
  b_LBJumping: 0
  b_LBAttacking: 0
  v_LBVectorChase: {x: 0, y: 0, z: 0}
  f_LBAttackPrepareRange: 8
  f_LBMelleAttackRange1: 3
  f_LBMelleAttackRange2: 4
  f_LBDeciedAttackRange: 0
  f_LBShootAttackRange: 10
  i_LBMelleAttackPattern: 0
  i_LBShootAttackPattern: 0
  b_LBEmitterRotate: 0
  f_LBLeaveStateDistance: 0
  i_LBHowManyIdleTimesToShootBigBall: 0
  f_LastBossStartActionRange: 0
  v_LBJumpTeleport: {x: 0, y: 0, z: 0}
  go_LBUnderCircleParticle: {fileID: 0}
  go_LBEmitterHolder: {fileID: 0}
  go_LBAttackEmitterHolder: {fileID: 0}
  go_LBJumpShoot: []
  go_LBShootCircle: []
  go_LBShootKome: []
  go_LBShootStar: []
  go_LBShootTriangle: []
  go_LBShootBigBall: []
  go_LBShootBigBall2: []
  go_LBShootAttack1: []
  go_LBShootBigBallTernado: []
  go_LBJumpShock: {fileID: 0}
  f_NKTimer: 0
  f_NKSpeakRange: 0
  f_NKMoveSpeed: 0
  f_NKRotateSpeed: 0
  i_NKStateNumber: 0
  b_NKRotate: 0
  q_NKStartAngle: {x: 0, y: 0, z: 0, w: 0}
  b_NKMove: 0
  otherEnemies: []
  f_NKAttackRange: 0
  v_NKdirToTarget: {x: 0, y: 0, z: 0}
  v_NKmoveVector: {x: 0, y: 0, z: 0}
  go_NKTargetPosition: []
  v_NKAngleToTarget: {x: 0, y: 0, z: 0}
  i_NKTargetPositionIndex: 0
  b_talkingKyle: 0
  b_fightingKyle: 0
  f_DistanceOfAllEnemiesToNiceKyle: 0
  b_enemiesInNiceKyleAttackRange: 0
  go_nearestEnemyToNiceKyle: {fileID: 0}
  f_DistanceOfNearstEnemyToNiceKyle: 0
  niceKyles: []
  go_nearestNiceKyleToBadKyle: {fileID: 0}
  b_badKyleFindNiceKyle: 0
  f_DistanceOfNiceKyleToBadKyle: 0
  f_DistanceOfNearestNiceKyleToBadKyle: 0
  b_BadKyleHitByPlayer: 0
  f_BadKyleAttackNiceKyleSpeed: 0
  lr_laserSpiderLaser: {fileID: 0}
  laserColliderPool: {fileID: 0}
  laserHitGroundEffectPool: {fileID: 0}
  f_laserHitGroundMakeEffectTime: 0.25
  i_KyleWallStateNumber: 0
  boss_data: {fileID: 0}
  boss_target: {fileID: 0}
  mainCamera: {fileID: 0}
  go_mainCamera: {fileID: 0}
  v_mainCameraStartPosition: {x: 0, y: 0, z: 0}
  cameraManager: {fileID: 0}
  cameraHolder: {fileID: 0}
  LBJumpShockWavePool: {fileID: 0}
  enemyBeHitEffectSoundPool: {fileID: 0}
  Lastbossjumpeffectsoundpool: {fileID: 0}
  treasurePool: {fileID: 0}
  tm_NiceKyleBattleTri: {fileID: 0}
  tm_HeavenRoadTri: {fileID: 0}
  i_heavenTurrentState: 0
  i_heavenTurrentShootPattern: 0
  tm_BossAppearedTri: {fileID: 0}
  go_turrentEmitter: {fileID: 0}
  tr_turrentEmitter: []
  f_heavenTurrentRotationSpeed: 1.5
  b_SoundPlayStart: 0
  laserSoundEffectPool: {fileID: 0}
  go_LaserSound: {fileID: 0}
  i_dropItemRate: 0
  wakizashiPool: {fileID: 0}
  minimap_enemyIconPool: {fileID: 0}
  minimapIcon: {fileID: 0}
  ignoreLayer:
    serializedVersion: 2
    m_Bits: 0
--- !u!136 &8456150890126433061
CapsuleCollider:
  m_ObjectHideFlags: 0
  m_CorrespondingSourceObject: {fileID: 0}
  m_PrefabInstance: {fileID: 0}
  m_PrefabAsset: {fileID: 0}
  m_GameObject: {fileID: 3384821440281302920}
  m_Material: {fileID: 0}
  m_IsTrigger: 0
  m_Enabled: 1
  m_Radius: 1.1337963
  m_Height: 3.2461658
  m_Direction: 1
  m_Center: {x: 0, y: 2.1527236, z: 0}
--- !u!54 &802789771
Rigidbody:
  m_ObjectHideFlags: 0
  m_CorrespondingSourceObject: {fileID: 0}
  m_PrefabInstance: {fileID: 0}
  m_PrefabAsset: {fileID: 0}
  m_GameObject: {fileID: 3384821440281302920}
  serializedVersion: 2
  m_Mass: 15000
  m_Drag: 0
  m_AngularDrag: 0.05
  m_UseGravity: 1
  m_IsKinematic: 0
  m_Interpolate: 0
  m_Constraints: 116
  m_CollisionDetection: 0
--- !u!1 &3384821440281302922
GameObject:
  m_ObjectHideFlags: 0
  m_CorrespondingSourceObject: {fileID: 0}
  m_PrefabInstance: {fileID: 0}
  m_PrefabAsset: {fileID: 0}
  serializedVersion: 6
  m_Component:
  - component: {fileID: 3384821440280808362}
  - component: {fileID: 3384821440292805256}
  - component: {fileID: 995780891824478696}
  m_Layer: 9
  m_Name: Legs_Spider_Lt_Geom
  m_TagString: Enemy
  m_Icon: {fileID: 0}
  m_NavMeshLayer: 0
  m_StaticEditorFlags: 0
  m_IsActive: 1
--- !u!4 &3384821440280808362
Transform:
  m_ObjectHideFlags: 0
  m_CorrespondingSourceObject: {fileID: 0}
  m_PrefabInstance: {fileID: 0}
  m_PrefabAsset: {fileID: 0}
  m_GameObject: {fileID: 3384821440281302922}
  m_LocalRotation: {x: 0, y: -0, z: -0, w: 1}
  m_LocalPosition: {x: -0, y: 0, z: 0}
  m_LocalScale: {x: 1, y: 1, z: 1}
  m_Children: []
  m_Father: {fileID: 3384821440280808360}
  m_RootOrder: 0
  m_LocalEulerAnglesHint: {x: 0, y: 0, z: 0}
--- !u!137 &3384821440292805256
SkinnedMeshRenderer:
  m_ObjectHideFlags: 0
  m_CorrespondingSourceObject: {fileID: 0}
  m_PrefabInstance: {fileID: 0}
  m_PrefabAsset: {fileID: 0}
  m_GameObject: {fileID: 3384821440281302922}
  m_Enabled: 1
  m_CastShadows: 1
  m_ReceiveShadows: 1
  m_DynamicOccludee: 1
  m_MotionVectors: 1
  m_LightProbeUsage: 0
  m_ReflectionProbeUsage: 1
  m_RenderingLayerMask: 1
  m_RendererPriority: 0
  m_Materials:
  - {fileID: 2100000, guid: 8b80dc1528f0e484caffd647f123bdd6, type: 2}
  m_StaticBatchInfo:
    firstSubMesh: 0
    subMeshCount: 0
  m_StaticBatchRoot: {fileID: 0}
  m_ProbeAnchor: {fileID: 0}
  m_LightProbeVolumeOverride: {fileID: 0}
  m_ScaleInLightmap: 1
  m_PreserveUVs: 0
  m_IgnoreNormalsForChartDetection: 0
  m_ImportantGI: 0
  m_StitchLightmapSeams: 0
  m_SelectedEditorRenderState: 3
  m_MinimumChartSize: 4
  m_AutoUVMaxDistance: 0.5
  m_AutoUVMaxAngle: 89
  m_LightmapParameters: {fileID: 0}
  m_SortingLayerID: 0
  m_SortingLayer: 0
  m_SortingOrder: 0
  serializedVersion: 2
  m_Quality: 0
  m_UpdateWhenOffscreen: 0
  m_SkinnedMotionVectors: 1
  m_Mesh: {fileID: 4300000, guid: 60977fd02627e9746a6773f6de2eceb9, type: 3}
  m_Bones:
  - {fileID: 3384821440280808364}
  - {fileID: 3384821440280808366}
  - {fileID: 3384821440280808352}
  - {fileID: 3384821440280808354}
  - {fileID: 3384821440280808356}
  - {fileID: 3384821440280808358}
  - {fileID: 3384821440280808376}
  - {fileID: 3384821440280808378}
  - {fileID: 3384821440280808380}
  - {fileID: 3384821440280808382}
  - {fileID: 3384821440280808368}
  - {fileID: 3384821440280808370}
  - {fileID: 3384821440280808372}
  - {fileID: 3384821440280808374}
  - {fileID: 3384821440280808328}
  - {fileID: 3384821440280808330}
  - {fileID: 3384821440280808332}
  - {fileID: 3384821440280808334}
  - {fileID: 3384821440280808320}
  - {fileID: 3384821440280808322}
  - {fileID: 3384821440280808324}
  - {fileID: 3384821440280808326}
  - {fileID: 3384821440280808344}
  - {fileID: 3384821440280808346}
  m_BlendShapeWeights: []
  m_RootBone: {fileID: 3384821440280808364}
  m_AABB:
    m_Center: {x: -0.00000047683716, y: 0.9040242, z: -0.28136975}
    m_Extent: {x: 2.299762, y: 1.104, z: 2.2810717}
  m_DirtyAABB: 0
--- !u!65 &995780891824478696
BoxCollider:
  m_ObjectHideFlags: 0
  m_CorrespondingSourceObject: {fileID: 0}
  m_PrefabInstance: {fileID: 0}
  m_PrefabAsset: {fileID: 0}
  m_GameObject: {fileID: 3384821440281302922}
  m_Material: {fileID: 0}
  m_IsTrigger: 0
  m_Enabled: 1
  serializedVersion: 2
  m_Size: {x: 4.599524, y: 2.208, z: 4.5621433}
  m_Center: {x: -0.00000047683716, y: 1.15, z: -0.28136975}
--- !u!1 &3384821440281302924
GameObject:
  m_ObjectHideFlags: 0
  m_CorrespondingSourceObject: {fileID: 0}
  m_PrefabInstance: {fileID: 0}
  m_PrefabAsset: {fileID: 0}
  serializedVersion: 6
  m_Component:
  - component: {fileID: 3384821440280808364}
  m_Layer: 9
  m_Name: ROOT
  m_TagString: Enemy
  m_Icon: {fileID: 0}
  m_NavMeshLayer: 0
  m_StaticEditorFlags: 0
  m_IsActive: 1
--- !u!4 &3384821440280808364
Transform:
  m_ObjectHideFlags: 0
  m_CorrespondingSourceObject: {fileID: 0}
  m_PrefabInstance: {fileID: 0}
  m_PrefabAsset: {fileID: 0}
  m_GameObject: {fileID: 3384821440281302924}
  m_LocalRotation: {x: 0, y: -0, z: -0, w: 1}
  m_LocalPosition: {x: -0, y: 0, z: 0}
  m_LocalScale: {x: 1, y: 1, z: 1}
  m_Children:
  - {fileID: 3384821440280808366}
  m_Father: {fileID: 3384821440280808360}
  m_RootOrder: 1
  m_LocalEulerAnglesHint: {x: 0, y: 0, z: 0}
--- !u!1 &3384821440281302926
GameObject:
  m_ObjectHideFlags: 0
  m_CorrespondingSourceObject: {fileID: 0}
  m_PrefabInstance: {fileID: 0}
  m_PrefabAsset: {fileID: 0}
  serializedVersion: 6
  m_Component:
  - component: {fileID: 3384821440280808366}
  m_Layer: 9
  m_Name: Pelvis
  m_TagString: Enemy
  m_Icon: {fileID: 0}
  m_NavMeshLayer: 0
  m_StaticEditorFlags: 0
  m_IsActive: 1
--- !u!4 &3384821440280808366
Transform:
  m_ObjectHideFlags: 0
  m_CorrespondingSourceObject: {fileID: 0}
  m_PrefabInstance: {fileID: 0}
  m_PrefabAsset: {fileID: 0}
  m_GameObject: {fileID: 3384821440281302926}
  m_LocalRotation: {x: -2.138117e-27, y: 4.4631347e-11, z: 1.110223e-16, w: 1}
  m_LocalPosition: {x: 0, y: 1.25, z: 0}
  m_LocalScale: {x: 1, y: 1, z: 1}
  m_Children:
  - {fileID: 3384821440280808382}
  - {fileID: 3384821440280808328}
  - {fileID: 3384821440280808354}
  - {fileID: 3384821440280808356}
  - {fileID: 3384821440280808322}
  - {fileID: 3384821440280808352}
  m_Father: {fileID: 3384821440280808364}
  m_RootOrder: 0
  m_LocalEulerAnglesHint: {x: 0, y: 0, z: 0}
--- !u!1 &3384821440281302928
GameObject:
  m_ObjectHideFlags: 0
  m_CorrespondingSourceObject: {fileID: 0}
  m_PrefabInstance: {fileID: 0}
  m_PrefabAsset: {fileID: 0}
  serializedVersion: 6
  m_Component:
  - component: {fileID: 3384821440280808334}
  m_Layer: 9
  m_Name: FR_Lower_Leg_End
  m_TagString: Enemy
  m_Icon: {fileID: 0}
  m_NavMeshLayer: 0
  m_StaticEditorFlags: 0
  m_IsActive: 1
--- !u!4 &3384821440280808334
Transform:
  m_ObjectHideFlags: 0
  m_CorrespondingSourceObject: {fileID: 0}
  m_PrefabInstance: {fileID: 0}
  m_PrefabAsset: {fileID: 0}
  m_GameObject: {fileID: 3384821440281302928}
  m_LocalRotation: {x: 0.10816073, y: 0.9941334, z: 1.8574482e-15, w: -8.286009e-17}
  m_LocalPosition: {x: 1.5043179, y: -0.000000038825796, z: 1.4210854e-16}
  m_LocalScale: {x: 1, y: 1, z: 1}
  m_Children:
  - {fileID: 3384821440280808320}
  m_Father: {fileID: 3384821440280808332}
  m_RootOrder: 0
  m_LocalEulerAnglesHint: {x: 0, y: 0, z: 0}
--- !u!1 &3384821440281302930
GameObject:
  m_ObjectHideFlags: 0
  m_CorrespondingSourceObject: {fileID: 0}
  m_PrefabInstance: {fileID: 0}
  m_PrefabAsset: {fileID: 0}
  serializedVersion: 6
  m_Component:
  - component: {fileID: 3384821440280808320}
  m_Layer: 9
  m_Name: FR_Foot
  m_TagString: Enemy
  m_Icon: {fileID: 0}
  m_NavMeshLayer: 0
  m_StaticEditorFlags: 0
  m_IsActive: 1
--- !u!4 &3384821440280808320
Transform:
  m_ObjectHideFlags: 0
  m_CorrespondingSourceObject: {fileID: 0}
  m_PrefabInstance: {fileID: 0}
  m_PrefabAsset: {fileID: 0}
  m_GameObject: {fileID: 3384821440281302930}
  m_LocalRotation: {x: -0.44298586, y: 0.55114746, z: 0.44298574, w: 0.5511476}
  m_LocalPosition: {x: -0.12026119, y: -0.040105693, z: 0.00000002678587}
  m_LocalScale: {x: 1, y: 1, z: 1}
  m_Children: []
  m_Father: {fileID: 3384821440280808334}
  m_RootOrder: 0
  m_LocalEulerAnglesHint: {x: 0, y: 0, z: 0}
--- !u!1 &3384821440281302932
GameObject:
  m_ObjectHideFlags: 0
  m_CorrespondingSourceObject: {fileID: 0}
  m_PrefabInstance: {fileID: 0}
  m_PrefabAsset: {fileID: 0}
  serializedVersion: 6
  m_Component:
  - component: {fileID: 3384821440280808354}
  m_Layer: 9
  m_Name: FrontPlate
  m_TagString: Enemy
  m_Icon: {fileID: 0}
  m_NavMeshLayer: 0
  m_StaticEditorFlags: 0
  m_IsActive: 1
--- !u!4 &3384821440280808354
Transform:
  m_ObjectHideFlags: 0
  m_CorrespondingSourceObject: {fileID: 0}
  m_PrefabInstance: {fileID: 0}
  m_PrefabAsset: {fileID: 0}
  m_GameObject: {fileID: 3384821440281302932}
  m_LocalRotation: {x: 0, y: -0, z: -0, w: 1}
  m_LocalPosition: {x: -0, y: 0.09673511, z: 0.66951287}
  m_LocalScale: {x: 1, y: 1, z: 1}
  m_Children: []
  m_Father: {fileID: 3384821440280808366}
  m_RootOrder: 2
  m_LocalEulerAnglesHint: {x: 0, y: 0, z: 0}
--- !u!1 &3384821440281302934
GameObject:
  m_ObjectHideFlags: 0
  m_CorrespondingSourceObject: {fileID: 0}
  m_PrefabInstance: {fileID: 0}
  m_PrefabAsset: {fileID: 0}
  serializedVersion: 6
  m_Component:
  - component: {fileID: 3384821440280808356}
  m_Layer: 9
  m_Name: RL_Upper_Leg
  m_TagString: Enemy
  m_Icon: {fileID: 0}
  m_NavMeshLayer: 0
  m_StaticEditorFlags: 0
  m_IsActive: 1
--- !u!4 &3384821440280808356
Transform:
  m_ObjectHideFlags: 0
  m_CorrespondingSourceObject: {fileID: 0}
  m_PrefabInstance: {fileID: 0}
  m_PrefabAsset: {fileID: 0}
  m_GameObject: {fileID: 3384821440281302934}
  m_LocalRotation: {x: 0.24462456, y: 0.23994699, z: -0.06261872, w: 0.93737036}
  m_LocalPosition: {x: -0.727328, y: -0.036535602, z: -0.63449764}
  m_LocalScale: {x: 1, y: 1, z: 1}
  m_Children:
  - {fileID: 3384821440280808358}
  m_Father: {fileID: 3384821440280808366}
  m_RootOrder: 3
  m_LocalEulerAnglesHint: {x: 0, y: 0, z: 0}
--- !u!1 &3384821440281302936
GameObject:
  m_ObjectHideFlags: 0
  m_CorrespondingSourceObject: {fileID: 0}
  m_PrefabInstance: {fileID: 0}
  m_PrefabAsset: {fileID: 0}
  serializedVersion: 6
  m_Component:
  - component: {fileID: 3384821440280808374}
  m_Layer: 9
  m_Name: FL_Foot
  m_TagString: Enemy
  m_Icon: {fileID: 0}
  m_NavMeshLayer: 0
  m_StaticEditorFlags: 0
  m_IsActive: 1
--- !u!4 &3384821440280808374
Transform:
  m_ObjectHideFlags: 0
  m_CorrespondingSourceObject: {fileID: 0}
  m_PrefabInstance: {fileID: 0}
  m_PrefabAsset: {fileID: 0}
  m_GameObject: {fileID: 3384821440281302936}
  m_LocalRotation: {x: -0.44298595, y: 0.55114734, z: 0.44298565, w: 0.5511477}
  m_LocalPosition: {x: 0.12026269, y: 0.040111005, z: -0.00000007732047}
  m_LocalScale: {x: 1, y: 1, z: 1}
  m_Children: []
  m_Father: {fileID: 3384821440280808372}
  m_RootOrder: 0
  m_LocalEulerAnglesHint: {x: 0, y: 0, z: 0}
--- !u!1 &3384821440281302938
GameObject:
  m_ObjectHideFlags: 0
  m_CorrespondingSourceObject: {fileID: 0}
  m_PrefabInstance: {fileID: 0}
  m_PrefabAsset: {fileID: 0}
  serializedVersion: 6
  m_Component:
  - component: {fileID: 3384821440280808328}
  m_Layer: 9
  m_Name: FR_Upper_Leg
  m_TagString: Enemy
  m_Icon: {fileID: 0}
  m_NavMeshLayer: 0
  m_StaticEditorFlags: 0
  m_IsActive: 1
--- !u!4 &3384821440280808328
Transform:
  m_ObjectHideFlags: 0
  m_CorrespondingSourceObject: {fileID: 0}
  m_PrefabInstance: {fileID: 0}
  m_PrefabAsset: {fileID: 0}
  m_GameObject: {fileID: 3384821440281302938}
  m_LocalRotation: {x: 0.9234451, y: 0.0552344, z: -0.35079402, w: 0.1454024}
  m_LocalPosition: {x: 0.727328, y: -0.036539998, z: 0.51820797}
  m_LocalScale: {x: 1, y: 1, z: 1}
  m_Children:
  - {fileID: 3384821440280808330}
  m_Father: {fileID: 3384821440280808366}
  m_RootOrder: 1
  m_LocalEulerAnglesHint: {x: 0, y: 0, z: 0}
--- !u!1 &3384821440281302940
GameObject:
  m_ObjectHideFlags: 0
  m_CorrespondingSourceObject: {fileID: 0}
  m_PrefabInstance: {fileID: 0}
  m_PrefabAsset: {fileID: 0}
  serializedVersion: 6
  m_Component:
  - component: {fileID: 3384821440280808330}
  m_Layer: 9
  m_Name: FR_Mid_Leg
  m_TagString: Enemy
  m_Icon: {fileID: 0}
  m_NavMeshLayer: 0
  m_StaticEditorFlags: 0
  m_IsActive: 1
--- !u!4 &3384821440280808330
Transform:
  m_ObjectHideFlags: 0
  m_CorrespondingSourceObject: {fileID: 0}
  m_PrefabInstance: {fileID: 0}
  m_PrefabAsset: {fileID: 0}
  m_GameObject: {fileID: 3384821440281302940}
  m_LocalRotation: {x: -0.160391, y: 0.68867606, z: -0.160391, w: 0.68867606}
  m_LocalPosition: {x: -0, y: 0.38259998, z: -0.347417}
  m_LocalScale: {x: 1, y: 1, z: 1}
  m_Children:
  - {fileID: 3384821440280808332}
  m_Father: {fileID: 3384821440280808328}
  m_RootOrder: 0
  m_LocalEulerAnglesHint: {x: 0, y: 0, z: 0}
--- !u!1 &3384821440281302942
GameObject:
  m_ObjectHideFlags: 0
  m_CorrespondingSourceObject: {fileID: 0}
  m_PrefabInstance: {fileID: 0}
  m_PrefabAsset: {fileID: 0}
  serializedVersion: 6
  m_Component:
  - component: {fileID: 3384821440280808332}
  m_Layer: 9
  m_Name: FR_Lower_Leg
  m_TagString: Enemy
  m_Icon: {fileID: 0}
  m_NavMeshLayer: 0
  m_StaticEditorFlags: 0
  m_IsActive: 1
--- !u!4 &3384821440280808332
Transform:
  m_ObjectHideFlags: 0
  m_CorrespondingSourceObject: {fileID: 0}
  m_PrefabInstance: {fileID: 0}
  m_PrefabAsset: {fileID: 0}
  m_GameObject: {fileID: 3384821440281302942}
  m_LocalRotation: {x: 0.09233461, y: 0.14706464, z: 0.83404434, w: 0.5236567}
  m_LocalPosition: {x: 0.72480613, y: 0.0000036379242, z: 1.4210854e-16}
  m_LocalScale: {x: 1, y: 1, z: 1}
  m_Children:
  - {fileID: 3384821440280808334}
  m_Father: {fileID: 3384821440280808330}
  m_RootOrder: 0
  m_LocalEulerAnglesHint: {x: 0, y: 0, z: 0}
--- !u!1 &3384821440281303008
GameObject:
  m_ObjectHideFlags: 0
  m_CorrespondingSourceObject: {fileID: 0}
  m_PrefabInstance: {fileID: 0}
  m_PrefabAsset: {fileID: 0}
  serializedVersion: 6
  m_Component:
  - component: {fileID: 3384821440280808322}
  m_Layer: 9
  m_Name: RR_Upper_Leg
  m_TagString: Enemy
  m_Icon: {fileID: 0}
  m_NavMeshLayer: 0
  m_StaticEditorFlags: 0
  m_IsActive: 1
--- !u!4 &3384821440280808322
Transform:
  m_ObjectHideFlags: 0
  m_CorrespondingSourceObject: {fileID: 0}
  m_PrefabInstance: {fileID: 0}
  m_PrefabAsset: {fileID: 0}
  m_GameObject: {fileID: 3384821440281303008}
  m_LocalRotation: {x: 0.93737036, y: 0.06261857, z: 0.23994702, w: -0.24462453}
  m_LocalPosition: {x: 0.727328, y: -0.036539998, z: -0.634498}
  m_LocalScale: {x: 1, y: 1, z: 1}
  m_Children:
  - {fileID: 3384821440280808324}
  m_Father: {fileID: 3384821440280808366}
  m_RootOrder: 4
  m_LocalEulerAnglesHint: {x: 0, y: 0, z: 0}
--- !u!1 &3384821440281303010
GameObject:
  m_ObjectHideFlags: 0
  m_CorrespondingSourceObject: {fileID: 0}
  m_PrefabInstance: {fileID: 0}
  m_PrefabAsset: {fileID: 0}
  serializedVersion: 6
  m_Component:
  - component: {fileID: 3384821440280808324}
  m_Layer: 9
  m_Name: RR_Mid_Leg
  m_TagString: Enemy
  m_Icon: {fileID: 0}
  m_NavMeshLayer: 0
  m_StaticEditorFlags: 0
  m_IsActive: 1
--- !u!4 &3384821440280808324
Transform:
  m_ObjectHideFlags: 0
  m_CorrespondingSourceObject: {fileID: 0}
  m_PrefabInstance: {fileID: 0}
  m_PrefabAsset: {fileID: 0}
  m_GameObject: {fileID: 3384821440281303010}
  m_LocalRotation: {x: 0.090957925, y: -0.70123225, z: -0.090957925, w: 0.70123225}
  m_LocalPosition: {x: -1.4210854e-16, y: 0.46872002, z: 0.17301795}
  m_LocalScale: {x: 1, y: 1, z: 1}
  m_Children:
  - {fileID: 3384821440280808326}
  m_Father: {fileID: 3384821440280808322}
  m_RootOrder: 0
  m_LocalEulerAnglesHint: {x: 0, y: 0, z: 0}
--- !u!1 &3384821440281303012
GameObject:
  m_ObjectHideFlags: 0
  m_CorrespondingSourceObject: {fileID: 0}
  m_PrefabInstance: {fileID: 0}
  m_PrefabAsset: {fileID: 0}
  serializedVersion: 6
  m_Component:
  - component: {fileID: 3384821440280808326}
  m_Layer: 9
  m_Name: RR_Lower_Leg
  m_TagString: Enemy
  m_Icon: {fileID: 0}
  m_NavMeshLayer: 0
  m_StaticEditorFlags: 0
  m_IsActive: 1
--- !u!4 &3384821440280808326
Transform:
  m_ObjectHideFlags: 0
  m_CorrespondingSourceObject: {fileID: 0}
  m_PrefabInstance: {fileID: 0}
  m_PrefabAsset: {fileID: 0}
  m_GameObject: {fileID: 3384821440281303012}
  m_LocalRotation: {x: -3.7949615e-18, y: 2.6818938e-17, z: 0.77722174, w: 0.62922686}
  m_LocalPosition: {x: 0.62567127, y: 0.0021539968, z: 0}
  m_LocalScale: {x: 1, y: 1, z: 1}
  m_Children:
  - {fileID: 3384821440280808344}
  m_Father: {fileID: 3384821440280808324}
  m_RootOrder: 0
  m_LocalEulerAnglesHint: {x: 0, y: 0, z: 0}
--- !u!1 &3384821440281303014
GameObject:
  m_ObjectHideFlags: 0
  m_CorrespondingSourceObject: {fileID: 0}
  m_PrefabInstance: {fileID: 0}
  m_PrefabAsset: {fileID: 0}
  serializedVersion: 6
  m_Component:
  - component: {fileID: 3384821440280808344}
  m_Layer: 9
  m_Name: RR_Lower_Leg_End
  m_TagString: Enemy
  m_Icon: {fileID: 0}
  m_NavMeshLayer: 0
  m_StaticEditorFlags: 0
  m_IsActive: 1
--- !u!4 &3384821440280808344
Transform:
  m_ObjectHideFlags: 0
  m_CorrespondingSourceObject: {fileID: 0}
  m_PrefabInstance: {fileID: 0}
  m_PrefabAsset: {fileID: 0}
  m_GameObject: {fileID: 3384821440281303014}
  m_LocalRotation: {x: 0.10173483, y: 0.9948116, z: -2.1265375e-14, w: -4.237333e-18}
  m_LocalPosition: {x: 1.5113276, y: 0.00000010320206, z: 0}
  m_LocalScale: {x: 1, y: 1, z: 1}
  m_Children:
  - {fileID: 3384821440280808346}
  m_Father: {fileID: 3384821440280808326}
  m_RootOrder: 0
  m_LocalEulerAnglesHint: {x: 0, y: 0, z: 0}
--- !u!1 &3384821440281303016
GameObject:
  m_ObjectHideFlags: 0
  m_CorrespondingSourceObject: {fileID: 0}
  m_PrefabInstance: {fileID: 0}
  m_PrefabAsset: {fileID: 0}
  serializedVersion: 6
  m_Component:
  - component: {fileID: 3384821440280808358}
  m_Layer: 9
  m_Name: RL_Mid_Leg
  m_TagString: Enemy
  m_Icon: {fileID: 0}
  m_NavMeshLayer: 0
  m_StaticEditorFlags: 0
  m_IsActive: 1
--- !u!4 &3384821440280808358
Transform:
  m_ObjectHideFlags: 0
  m_CorrespondingSourceObject: {fileID: 0}
  m_PrefabInstance: {fileID: 0}
  m_PrefabAsset: {fileID: 0}
  m_GameObject: {fileID: 3384821440281303016}
  m_LocalRotation: {x: 0.09095834, y: -0.7012322, z: -0.09095834, w: 0.7012322}
  m_LocalPosition: {x: 2.8511298e-16, y: -0.46872836, z: -0.17301787}
  m_LocalScale: {x: 1, y: 1, z: 1}
  m_Children:
  - {fileID: 3384821440280808376}
  m_Father: {fileID: 3384821440280808356}
  m_RootOrder: 0
  m_LocalEulerAnglesHint: {x: 0, y: 0, z: 0}
--- !u!1 &3384821440281303018
GameObject:
  m_ObjectHideFlags: 0
  m_CorrespondingSourceObject: {fileID: 0}
  m_PrefabInstance: {fileID: 0}
  m_PrefabAsset: {fileID: 0}
  serializedVersion: 6
  m_Component:
  - component: {fileID: 3384821440280808376}
  m_Layer: 9
  m_Name: RL_Lower_Leg
  m_TagString: Enemy
  m_Icon: {fileID: 0}
  m_NavMeshLayer: 0
  m_StaticEditorFlags: 0
  m_IsActive: 1
--- !u!4 &3384821440280808376
Transform:
  m_ObjectHideFlags: 0
  m_CorrespondingSourceObject: {fileID: 0}
  m_PrefabInstance: {fileID: 0}
  m_PrefabAsset: {fileID: 0}
  m_GameObject: {fileID: 3384821440281303018}
  m_LocalRotation: {x: -1.1185668e-17, y: 7.904959e-17, z: 0.77722245, w: 0.6292259}
  m_LocalPosition: {x: -0.62567085, y: -0.0021534455, z: 2.8409715e-16}
  m_LocalScale: {x: 1, y: 1, z: 1}
  m_Children:
  - {fileID: 3384821440280808378}
  m_Father: {fileID: 3384821440280808358}
  m_RootOrder: 0
  m_LocalEulerAnglesHint: {x: 0, y: 0, z: 0}
--- !u!1 &3384821440281303020
GameObject:
  m_ObjectHideFlags: 0
  m_CorrespondingSourceObject: {fileID: 0}
  m_PrefabInstance: {fileID: 0}
  m_PrefabAsset: {fileID: 0}
  serializedVersion: 6
  m_Component:
  - component: {fileID: 3384821440280808378}
  m_Layer: 9
  m_Name: RL_Lower_Leg_End
  m_TagString: Enemy
  m_Icon: {fileID: 0}
  m_NavMeshLayer: 0
  m_StaticEditorFlags: 0
  m_IsActive: 1
--- !u!4 &3384821440280808378
Transform:
  m_ObjectHideFlags: 0
  m_CorrespondingSourceObject: {fileID: 0}
  m_PrefabInstance: {fileID: 0}
  m_PrefabAsset: {fileID: 0}
  m_GameObject: {fileID: 3384821440281303020}
  m_LocalRotation: {x: 0.10173483, y: 0.9948116, z: -2.1928052e-14, w: -7.200635e-17}
  m_LocalPosition: {x: -1.5113238, y: -2.980214e-16, z: 1.240685e-16}
  m_LocalScale: {x: 1, y: 1, z: 1}
  m_Children:
  - {fileID: 3384821440280808380}
  m_Father: {fileID: 3384821440280808376}
  m_RootOrder: 0
  m_LocalEulerAnglesHint: {x: 0, y: 0, z: 0}
--- !u!1 &3384821440281303022
GameObject:
  m_ObjectHideFlags: 0
  m_CorrespondingSourceObject: {fileID: 0}
  m_PrefabInstance: {fileID: 0}
  m_PrefabAsset: {fileID: 0}
  serializedVersion: 6
  m_Component:
  - component: {fileID: 3384821440280808380}
  m_Layer: 9
  m_Name: RL_Foot
  m_TagString: Enemy
  m_Icon: {fileID: 0}
  m_NavMeshLayer: 0
  m_StaticEditorFlags: 0
  m_IsActive: 1
--- !u!4 &3384821440280808380
Transform:
  m_ObjectHideFlags: 0
  m_CorrespondingSourceObject: {fileID: 0}
  m_PrefabInstance: {fileID: 0}
  m_PrefabAsset: {fileID: 0}
  m_GameObject: {fileID: 3384821440281303022}
  m_LocalRotation: {x: 0.44653845, y: -0.54827315, z: 0.44653845, w: 0.54827315}
  m_LocalPosition: {x: 0.14438424, y: 0.07911989, z: 8.347132e-10}
  m_LocalScale: {x: 1, y: 1, z: 1}
  m_Children: []
  m_Father: {fileID: 3384821440280808378}
  m_RootOrder: 0
  m_LocalEulerAnglesHint: {x: 0, y: 0, z: 0}
--- !u!1 &3384821440281303024
GameObject:
  m_ObjectHideFlags: 0
  m_CorrespondingSourceObject: {fileID: 0}
  m_PrefabInstance: {fileID: 0}
  m_PrefabAsset: {fileID: 0}
  serializedVersion: 6
  m_Component:
  - component: {fileID: 3384821440280808336}
  m_Layer: 9
  m_Name: Legs_Top_Cap_Lt
  m_TagString: Enemy
  m_Icon: {fileID: 0}
  m_NavMeshLayer: 0
  m_StaticEditorFlags: 0
  m_IsActive: 1
--- !u!4 &3384821440280808336
Transform:
  m_ObjectHideFlags: 0
  m_CorrespondingSourceObject: {fileID: 0}
  m_PrefabInstance: {fileID: 0}
  m_PrefabAsset: {fileID: 0}
  m_GameObject: {fileID: 3384821440281303024}
  m_LocalRotation: {x: 0, y: 0, z: 0, w: 1}
  m_LocalPosition: {x: -3.1554436e-32, y: 0.0077942386, z: 0}
  m_LocalScale: {x: 1, y: 1, z: 1}
  m_Children:
  - {fileID: 3384821440280808350}
  m_Father: {fileID: 3384821440280808348}
  m_RootOrder: 0
  m_LocalEulerAnglesHint: {x: 0, y: 0, z: 0}
--- !u!1 &3384821440281303032
GameObject:
  m_ObjectHideFlags: 0
  m_CorrespondingSourceObject: {fileID: 0}
  m_PrefabInstance: {fileID: 0}
  m_PrefabAsset: {fileID: 0}
  serializedVersion: 6
  m_Component:
  - component: {fileID: 3384821440280808346}
  m_Layer: 9
  m_Name: RR_Foot
  m_TagString: Enemy
  m_Icon: {fileID: 0}
  m_NavMeshLayer: 0
  m_StaticEditorFlags: 0
  m_IsActive: 1
--- !u!4 &3384821440280808346
Transform:
  m_ObjectHideFlags: 0
  m_CorrespondingSourceObject: {fileID: 0}
  m_PrefabInstance: {fileID: 0}
  m_PrefabAsset: {fileID: 0}
  m_GameObject: {fileID: 3384821440281303032}
  m_LocalRotation: {x: 0.4465384, y: -0.5482732, z: 0.4465384, w: 0.5482732}
  m_LocalPosition: {x: -0.14438474, y: -0.079122305, z: 0.0000000051849547}
  m_LocalScale: {x: 1, y: 1, z: 1}
  m_Children: []
  m_Father: {fileID: 3384821440280808344}
  m_RootOrder: 0
  m_LocalEulerAnglesHint: {x: 0, y: 0, z: 0}
--- !u!1 &3384821440281303034
GameObject:
  m_ObjectHideFlags: 0
  m_CorrespondingSourceObject: {fileID: 0}
  m_PrefabInstance: {fileID: 0}
  m_PrefabAsset: {fileID: 0}
  serializedVersion: 6
  m_Component:
  - component: {fileID: 3384821440280808352}
  m_Layer: 9
  m_Name: Top
  m_TagString: Enemy
  m_Icon: {fileID: 0}
  m_NavMeshLayer: 0
  m_StaticEditorFlags: 0
  m_IsActive: 1
--- !u!4 &3384821440280808352
Transform:
  m_ObjectHideFlags: 0
  m_CorrespondingSourceObject: {fileID: 0}
  m_PrefabInstance: {fileID: 0}
  m_PrefabAsset: {fileID: 0}
  m_GameObject: {fileID: 3384821440281303034}
  m_LocalRotation: {x: 0, y: -8.1526285e-19, z: 0, w: 1}
  m_LocalPosition: {x: 0, y: 0.75, z: 0}
  m_LocalScale: {x: 1, y: 1, z: 1}
  m_Children:
  - {fileID: 3384821440280808348}
  m_Father: {fileID: 3384821440280808366}
  m_RootOrder: 5
  m_LocalEulerAnglesHint: {x: 0, y: 0, z: 0}
--- !u!1 &3384821440281303036
GameObject:
  m_ObjectHideFlags: 0
  m_CorrespondingSourceObject: {fileID: 0}
  m_PrefabInstance: {fileID: 0}
  m_PrefabAsset: {fileID: 0}
  serializedVersion: 6
  m_Component:
  - component: {fileID: 3384821440280808348}
  m_Layer: 9
  m_Name: Mount_Top
  m_TagString: Enemy
  m_Icon: {fileID: 0}
  m_NavMeshLayer: 0
  m_StaticEditorFlags: 0
  m_IsActive: 1
--- !u!4 &3384821440280808348
Transform:
  m_ObjectHideFlags: 0
  m_CorrespondingSourceObject: {fileID: 0}
  m_PrefabInstance: {fileID: 0}
  m_PrefabAsset: {fileID: 0}
  m_GameObject: {fileID: 3384821440281303036}
  m_LocalRotation: {x: 0, y: -0, z: -0, w: 1}
  m_LocalPosition: {x: 3.1554436e-32, y: -0.0734, z: 0}
  m_LocalScale: {x: 1, y: 1, z: 1}
  m_Children:
  - {fileID: 3384821440280808336}
  - {fileID: 3384821440724938645}
  m_Father: {fileID: 3384821440280808352}
  m_RootOrder: 0
  m_LocalEulerAnglesHint: {x: 0, y: 0, z: 0}
--- !u!1 &3384821440281303038
GameObject:
  m_ObjectHideFlags: 0
  m_CorrespondingSourceObject: {fileID: 0}
  m_PrefabInstance: {fileID: 0}
  m_PrefabAsset: {fileID: 0}
  serializedVersion: 6
  m_Component:
  - component: {fileID: 3384821440280808350}
  - component: {fileID: 3384821440282102664}
  - component: {fileID: 3384821440283232584}
  m_Layer: 9
  m_Name: Legs_Top_Cap_Lt_Geom
  m_TagString: Enemy
  m_Icon: {fileID: 0}
  m_NavMeshLayer: 0
  m_StaticEditorFlags: 0
  m_IsActive: 1
--- !u!4 &3384821440280808350
Transform:
  m_ObjectHideFlags: 0
  m_CorrespondingSourceObject: {fileID: 0}
  m_PrefabInstance: {fileID: 0}
  m_PrefabAsset: {fileID: 0}
  m_GameObject: {fileID: 3384821440281303038}
  m_LocalRotation: {x: 0, y: -0, z: -0, w: 1}
  m_LocalPosition: {x: -0, y: 0, z: 0}
  m_LocalScale: {x: 1, y: 1, z: 1}
  m_Children: []
  m_Father: {fileID: 3384821440280808336}
  m_RootOrder: 0
  m_LocalEulerAnglesHint: {x: 0, y: 0, z: 0}
--- !u!33 &3384821440282102664
MeshFilter:
  m_ObjectHideFlags: 0
  m_CorrespondingSourceObject: {fileID: 0}
  m_PrefabInstance: {fileID: 0}
  m_PrefabAsset: {fileID: 0}
  m_GameObject: {fileID: 3384821440281303038}
  m_Mesh: {fileID: 4300004, guid: 619e57828f65e424ea06ce2df0689529, type: 3}
--- !u!23 &3384821440283232584
MeshRenderer:
  m_ObjectHideFlags: 0
  m_CorrespondingSourceObject: {fileID: 0}
  m_PrefabInstance: {fileID: 0}
  m_PrefabAsset: {fileID: 0}
  m_GameObject: {fileID: 3384821440281303038}
  m_Enabled: 1
  m_CastShadows: 1
  m_ReceiveShadows: 1
  m_DynamicOccludee: 1
  m_MotionVectors: 1
  m_LightProbeUsage: 0
  m_ReflectionProbeUsage: 1
  m_RenderingLayerMask: 1
  m_RendererPriority: 0
  m_Materials:
  - {fileID: 2100000, guid: 8b80dc1528f0e484caffd647f123bdd6, type: 2}
  m_StaticBatchInfo:
    firstSubMesh: 0
    subMeshCount: 0
  m_StaticBatchRoot: {fileID: 0}
  m_ProbeAnchor: {fileID: 0}
  m_LightProbeVolumeOverride: {fileID: 0}
  m_ScaleInLightmap: 1
  m_PreserveUVs: 0
  m_IgnoreNormalsForChartDetection: 0
  m_ImportantGI: 0
  m_StitchLightmapSeams: 0
  m_SelectedEditorRenderState: 3
  m_MinimumChartSize: 4
  m_AutoUVMaxDistance: 0.5
  m_AutoUVMaxAngle: 89
  m_LightmapParameters: {fileID: 0}
  m_SortingLayerID: 0
  m_SortingLayer: 0
  m_SortingOrder: 0
--- !u!1001 &2640397909386404457
PrefabInstance:
  m_ObjectHideFlags: 0
  serializedVersion: 2
  m_Modification:
    m_TransformParent: {fileID: 3384821440280808360}
    m_Modifications:
    - target: {fileID: 1753253006014629257, guid: 79aa5abddee4a1548b2ac26beceb6230,
        type: 3}
      propertyPath: m_Name
      value: EnemyHp
      objectReference: {fileID: 0}
    - target: {fileID: 1753253006014629257, guid: 79aa5abddee4a1548b2ac26beceb6230,
        type: 3}
      propertyPath: m_Layer
      value: 9
      objectReference: {fileID: 0}
    - target: {fileID: 1753253006014629257, guid: 79aa5abddee4a1548b2ac26beceb6230,
        type: 3}
      propertyPath: m_TagString
      value: Enemy
      objectReference: {fileID: 0}
    - target: {fileID: 1753253006014629256, guid: 79aa5abddee4a1548b2ac26beceb6230,
        type: 3}
      propertyPath: m_LocalPosition.x
      value: 0
      objectReference: {fileID: 0}
    - target: {fileID: 1753253006014629256, guid: 79aa5abddee4a1548b2ac26beceb6230,
        type: 3}
      propertyPath: m_LocalPosition.y
      value: 0
      objectReference: {fileID: 0}
    - target: {fileID: 1753253006014629256, guid: 79aa5abddee4a1548b2ac26beceb6230,
        type: 3}
      propertyPath: m_LocalPosition.z
      value: 0.215
      objectReference: {fileID: 0}
    - target: {fileID: 1753253006014629256, guid: 79aa5abddee4a1548b2ac26beceb6230,
        type: 3}
      propertyPath: m_LocalRotation.x
      value: -0
      objectReference: {fileID: 0}
    - target: {fileID: 1753253006014629256, guid: 79aa5abddee4a1548b2ac26beceb6230,
        type: 3}
      propertyPath: m_LocalRotation.y
      value: 0.9926
      objectReference: {fileID: 0}
    - target: {fileID: 1753253006014629256, guid: 79aa5abddee4a1548b2ac26beceb6230,
        type: 3}
      propertyPath: m_LocalRotation.z
      value: -0
      objectReference: {fileID: 0}
    - target: {fileID: 1753253006014629256, guid: 79aa5abddee4a1548b2ac26beceb6230,
        type: 3}
      propertyPath: m_LocalRotation.w
      value: 0.12142967
      objectReference: {fileID: 0}
    - target: {fileID: 1753253006014629256, guid: 79aa5abddee4a1548b2ac26beceb6230,
        type: 3}
      propertyPath: m_RootOrder
      value: 2
      objectReference: {fileID: 0}
    - target: {fileID: 1753253006014629256, guid: 79aa5abddee4a1548b2ac26beceb6230,
        type: 3}
      propertyPath: m_LocalEulerAnglesHint.x
      value: 0
      objectReference: {fileID: 0}
    - target: {fileID: 1753253006014629256, guid: 79aa5abddee4a1548b2ac26beceb6230,
        type: 3}
      propertyPath: m_LocalEulerAnglesHint.y
      value: 0
      objectReference: {fileID: 0}
    - target: {fileID: 1753253006014629256, guid: 79aa5abddee4a1548b2ac26beceb6230,
        type: 3}
      propertyPath: m_LocalEulerAnglesHint.z
      value: 0
      objectReference: {fileID: 0}
    - target: {fileID: 1753253006014629256, guid: 79aa5abddee4a1548b2ac26beceb6230,
        type: 3}
      propertyPath: m_AnchoredPosition.x
      value: -0.053
      objectReference: {fileID: 0}
    - target: {fileID: 1753253006014629256, guid: 79aa5abddee4a1548b2ac26beceb6230,
        type: 3}
      propertyPath: m_AnchoredPosition.y
      value: 4.12
      objectReference: {fileID: 0}
    - target: {fileID: 1753253006014629256, guid: 79aa5abddee4a1548b2ac26beceb6230,
        type: 3}
      propertyPath: m_SizeDelta.x
      value: 0.85
      objectReference: {fileID: 0}
    - target: {fileID: 1753253006014629256, guid: 79aa5abddee4a1548b2ac26beceb6230,
        type: 3}
      propertyPath: m_SizeDelta.y
      value: 0.04
      objectReference: {fileID: 0}
    - target: {fileID: 1753253006014629256, guid: 79aa5abddee4a1548b2ac26beceb6230,
        type: 3}
      propertyPath: m_AnchorMin.x
      value: 0
      objectReference: {fileID: 0}
    - target: {fileID: 1753253006014629256, guid: 79aa5abddee4a1548b2ac26beceb6230,
        type: 3}
      propertyPath: m_AnchorMin.y
      value: 0
      objectReference: {fileID: 0}
    - target: {fileID: 1753253006014629256, guid: 79aa5abddee4a1548b2ac26beceb6230,
        type: 3}
      propertyPath: m_AnchorMax.x
      value: 0
      objectReference: {fileID: 0}
    - target: {fileID: 1753253006014629256, guid: 79aa5abddee4a1548b2ac26beceb6230,
        type: 3}
      propertyPath: m_AnchorMax.y
      value: 0
      objectReference: {fileID: 0}
    - target: {fileID: 1753253006014629256, guid: 79aa5abddee4a1548b2ac26beceb6230,
        type: 3}
      propertyPath: m_Pivot.x
      value: 0.5
      objectReference: {fileID: 0}
    - target: {fileID: 1753253006014629256, guid: 79aa5abddee4a1548b2ac26beceb6230,
        type: 3}
      propertyPath: m_Pivot.y
      value: 0.5
      objectReference: {fileID: 0}
    - target: {fileID: 1753253004498195695, guid: 79aa5abddee4a1548b2ac26beceb6230,
        type: 3}
      propertyPath: m_Layer
      value: 9
      objectReference: {fileID: 0}
    - target: {fileID: 1753253005643524193, guid: 79aa5abddee4a1548b2ac26beceb6230,
        type: 3}
      propertyPath: m_Layer
      value: 9
      objectReference: {fileID: 0}
    m_RemovedComponents: []
  m_SourcePrefab: {fileID: 100100000, guid: 79aa5abddee4a1548b2ac26beceb6230, type: 3}
--- !u!224 &4391112687418501089 stripped
RectTransform:
  m_CorrespondingSourceObject: {fileID: 1753253006014629256, guid: 79aa5abddee4a1548b2ac26beceb6230,
    type: 3}
  m_PrefabInstance: {fileID: 2640397909386404457}
  m_PrefabAsset: {fileID: 0}
--- !u!1001 &3384821440077437198
PrefabInstance:
  m_ObjectHideFlags: 0
  serializedVersion: 2
  m_Modification:
    m_TransformParent: {fileID: 3384821440724938643}
    m_Modifications:
    - target: {fileID: 100000, guid: c54bc877b077538459ea7285e34193ed, type: 3}
      propertyPath: m_Name
      value: Top_Weapon_Platform
      objectReference: {fileID: 0}
    - target: {fileID: 100000, guid: c54bc877b077538459ea7285e34193ed, type: 3}
      propertyPath: m_Layer
      value: 9
      objectReference: {fileID: 0}
    - target: {fileID: 400000, guid: c54bc877b077538459ea7285e34193ed, type: 3}
      propertyPath: m_LocalPosition.x
      value: 0
      objectReference: {fileID: 0}
    - target: {fileID: 400000, guid: c54bc877b077538459ea7285e34193ed, type: 3}
      propertyPath: m_LocalPosition.y
      value: 0
      objectReference: {fileID: 0}
    - target: {fileID: 400000, guid: c54bc877b077538459ea7285e34193ed, type: 3}
      propertyPath: m_LocalPosition.z
      value: 0
      objectReference: {fileID: 0}
    - target: {fileID: 400000, guid: c54bc877b077538459ea7285e34193ed, type: 3}
      propertyPath: m_LocalRotation.x
      value: 0
      objectReference: {fileID: 0}
    - target: {fileID: 400000, guid: c54bc877b077538459ea7285e34193ed, type: 3}
      propertyPath: m_LocalRotation.y
      value: 0
      objectReference: {fileID: 0}
    - target: {fileID: 400000, guid: c54bc877b077538459ea7285e34193ed, type: 3}
      propertyPath: m_LocalRotation.z
      value: 0.7071068
      objectReference: {fileID: 0}
    - target: {fileID: 400000, guid: c54bc877b077538459ea7285e34193ed, type: 3}
      propertyPath: m_LocalRotation.w
      value: 0.7071068
      objectReference: {fileID: 0}
    - target: {fileID: 400000, guid: c54bc877b077538459ea7285e34193ed, type: 3}
      propertyPath: m_RootOrder
      value: 0
      objectReference: {fileID: 0}
    - target: {fileID: 400000, guid: c54bc877b077538459ea7285e34193ed, type: 3}
      propertyPath: m_LocalEulerAnglesHint.x
      value: 0
      objectReference: {fileID: 0}
    - target: {fileID: 400000, guid: c54bc877b077538459ea7285e34193ed, type: 3}
      propertyPath: m_LocalEulerAnglesHint.y
      value: 0
      objectReference: {fileID: 0}
    - target: {fileID: 400000, guid: c54bc877b077538459ea7285e34193ed, type: 3}
      propertyPath: m_LocalEulerAnglesHint.z
      value: 0
      objectReference: {fileID: 0}
    - target: {fileID: 100004, guid: c54bc877b077538459ea7285e34193ed, type: 3}
      propertyPath: m_Layer
      value: 9
      objectReference: {fileID: 0}
    - target: {fileID: 100002, guid: c54bc877b077538459ea7285e34193ed, type: 3}
      propertyPath: m_Layer
      value: 9
      objectReference: {fileID: 0}
    m_RemovedComponents: []
  m_SourcePrefab: {fileID: 100100000, guid: c54bc877b077538459ea7285e34193ed, type: 3}
--- !u!1001 &3384821440725333269
PrefabInstance:
  m_ObjectHideFlags: 0
  serializedVersion: 2
  m_Modification:
    m_TransformParent: {fileID: 3384821440280808348}
    m_Modifications:
    - target: {fileID: 100000, guid: c247f4754f5b779409e3dc67bf84273e, type: 3}
      propertyPath: m_Name
      value: Cockpit_Gun_2x
      objectReference: {fileID: 0}
    - target: {fileID: 100000, guid: c247f4754f5b779409e3dc67bf84273e, type: 3}
      propertyPath: m_Layer
      value: 9
      objectReference: {fileID: 0}
    - target: {fileID: 100000, guid: c247f4754f5b779409e3dc67bf84273e, type: 3}
      propertyPath: m_TagString
      value: Enemy
      objectReference: {fileID: 0}
    - target: {fileID: 400000, guid: c247f4754f5b779409e3dc67bf84273e, type: 3}
      propertyPath: m_LocalPosition.x
      value: 0
      objectReference: {fileID: 0}
    - target: {fileID: 400000, guid: c247f4754f5b779409e3dc67bf84273e, type: 3}
      propertyPath: m_LocalPosition.y
      value: 0
      objectReference: {fileID: 0}
    - target: {fileID: 400000, guid: c247f4754f5b779409e3dc67bf84273e, type: 3}
      propertyPath: m_LocalPosition.z
      value: 0
      objectReference: {fileID: 0}
    - target: {fileID: 400000, guid: c247f4754f5b779409e3dc67bf84273e, type: 3}
      propertyPath: m_LocalRotation.x
      value: 0
      objectReference: {fileID: 0}
    - target: {fileID: 400000, guid: c247f4754f5b779409e3dc67bf84273e, type: 3}
      propertyPath: m_LocalRotation.y
      value: -0
      objectReference: {fileID: 0}
    - target: {fileID: 400000, guid: c247f4754f5b779409e3dc67bf84273e, type: 3}
      propertyPath: m_LocalRotation.z
      value: -0
      objectReference: {fileID: 0}
    - target: {fileID: 400000, guid: c247f4754f5b779409e3dc67bf84273e, type: 3}
      propertyPath: m_LocalRotation.w
      value: 1
      objectReference: {fileID: 0}
    - target: {fileID: 400000, guid: c247f4754f5b779409e3dc67bf84273e, type: 3}
      propertyPath: m_RootOrder
      value: 1
      objectReference: {fileID: 0}
    - target: {fileID: 400000, guid: c247f4754f5b779409e3dc67bf84273e, type: 3}
      propertyPath: m_LocalEulerAnglesHint.x
      value: 0
      objectReference: {fileID: 0}
    - target: {fileID: 400000, guid: c247f4754f5b779409e3dc67bf84273e, type: 3}
      propertyPath: m_LocalEulerAnglesHint.y
      value: 0
      objectReference: {fileID: 0}
    - target: {fileID: 400000, guid: c247f4754f5b779409e3dc67bf84273e, type: 3}
      propertyPath: m_LocalEulerAnglesHint.z
      value: 0
      objectReference: {fileID: 0}
    - target: {fileID: 100004, guid: c247f4754f5b779409e3dc67bf84273e, type: 3}
      propertyPath: m_Layer
      value: 9
      objectReference: {fileID: 0}
    - target: {fileID: 100006, guid: c247f4754f5b779409e3dc67bf84273e, type: 3}
      propertyPath: m_Layer
      value: 9
      objectReference: {fileID: 0}
    - target: {fileID: 100002, guid: c247f4754f5b779409e3dc67bf84273e, type: 3}
      propertyPath: m_Layer
      value: 9
      objectReference: {fileID: 0}
    - target: {fileID: 100008, guid: c247f4754f5b779409e3dc67bf84273e, type: 3}
      propertyPath: m_Layer
      value: 9
      objectReference: {fileID: 0}
    - target: {fileID: 100010, guid: c247f4754f5b779409e3dc67bf84273e, type: 3}
      propertyPath: m_Layer
      value: 9
      objectReference: {fileID: 0}
    m_RemovedComponents: []
  m_SourcePrefab: {fileID: 100100000, guid: c247f4754f5b779409e3dc67bf84273e, type: 3}
--- !u!4 &3384821440724938653 stripped
Transform:
  m_CorrespondingSourceObject: {fileID: 400008, guid: c247f4754f5b779409e3dc67bf84273e,
    type: 3}
  m_PrefabInstance: {fileID: 3384821440725333269}
  m_PrefabAsset: {fileID: 0}
--- !u!4 &3384821440724938655 stripped
Transform:
  m_CorrespondingSourceObject: {fileID: 400010, guid: c247f4754f5b779409e3dc67bf84273e,
    type: 3}
  m_PrefabInstance: {fileID: 3384821440725333269}
  m_PrefabAsset: {fileID: 0}
--- !u!1 &3384821440725300149 stripped
GameObject:
  m_CorrespondingSourceObject: {fileID: 100000, guid: c247f4754f5b779409e3dc67bf84273e,
    type: 3}
  m_PrefabInstance: {fileID: 3384821440725333269}
  m_PrefabAsset: {fileID: 0}
--- !u!4 &3384821440724938645 stripped
Transform:
  m_CorrespondingSourceObject: {fileID: 400000, guid: c247f4754f5b779409e3dc67bf84273e,
    type: 3}
  m_PrefabInstance: {fileID: 3384821440725333269}
  m_PrefabAsset: {fileID: 0}
--- !u!4 &3384821440724938643 stripped
Transform:
  m_CorrespondingSourceObject: {fileID: 400006, guid: c247f4754f5b779409e3dc67bf84273e,
    type: 3}
  m_PrefabInstance: {fileID: 3384821440725333269}
  m_PrefabAsset: {fileID: 0}
--- !u!1001 &3384821440912146935
PrefabInstance:
  m_ObjectHideFlags: 0
  serializedVersion: 2
  m_Modification:
    m_TransformParent: {fileID: 3384821440724938653}
    m_Modifications:
    - target: {fileID: 100000, guid: 60757288cecaa1c4dbcd3b9584e38b7a, type: 3}
      propertyPath: m_Name
      value: HalfShoulder_Bot
      objectReference: {fileID: 0}
    - target: {fileID: 100000, guid: 60757288cecaa1c4dbcd3b9584e38b7a, type: 3}
      propertyPath: m_Layer
      value: 9
      objectReference: {fileID: 0}
    - target: {fileID: 400000, guid: 60757288cecaa1c4dbcd3b9584e38b7a, type: 3}
      propertyPath: m_LocalPosition.x
      value: 0
      objectReference: {fileID: 0}
    - target: {fileID: 400000, guid: 60757288cecaa1c4dbcd3b9584e38b7a, type: 3}
      propertyPath: m_LocalPosition.y
      value: 0
      objectReference: {fileID: 0}
    - target: {fileID: 400000, guid: 60757288cecaa1c4dbcd3b9584e38b7a, type: 3}
      propertyPath: m_LocalPosition.z
      value: 0
      objectReference: {fileID: 0}
    - target: {fileID: 400000, guid: 60757288cecaa1c4dbcd3b9584e38b7a, type: 3}
      propertyPath: m_LocalRotation.x
      value: 0
      objectReference: {fileID: 0}
    - target: {fileID: 400000, guid: 60757288cecaa1c4dbcd3b9584e38b7a, type: 3}
      propertyPath: m_LocalRotation.y
      value: -0
      objectReference: {fileID: 0}
    - target: {fileID: 400000, guid: 60757288cecaa1c4dbcd3b9584e38b7a, type: 3}
      propertyPath: m_LocalRotation.z
      value: -0
      objectReference: {fileID: 0}
    - target: {fileID: 400000, guid: 60757288cecaa1c4dbcd3b9584e38b7a, type: 3}
      propertyPath: m_LocalRotation.w
      value: 1
      objectReference: {fileID: 0}
    - target: {fileID: 400000, guid: 60757288cecaa1c4dbcd3b9584e38b7a, type: 3}
      propertyPath: m_RootOrder
      value: 0
      objectReference: {fileID: 0}
    - target: {fileID: 400000, guid: 60757288cecaa1c4dbcd3b9584e38b7a, type: 3}
      propertyPath: m_LocalEulerAnglesHint.x
      value: 0
      objectReference: {fileID: 0}
    - target: {fileID: 400000, guid: 60757288cecaa1c4dbcd3b9584e38b7a, type: 3}
      propertyPath: m_LocalEulerAnglesHint.y
      value: 0
      objectReference: {fileID: 0}
    - target: {fileID: 400000, guid: 60757288cecaa1c4dbcd3b9584e38b7a, type: 3}
      propertyPath: m_LocalEulerAnglesHint.z
      value: 0
      objectReference: {fileID: 0}
    - target: {fileID: 100006, guid: 60757288cecaa1c4dbcd3b9584e38b7a, type: 3}
      propertyPath: m_Layer
      value: 9
      objectReference: {fileID: 0}
    - target: {fileID: 100004, guid: 60757288cecaa1c4dbcd3b9584e38b7a, type: 3}
      propertyPath: m_Layer
      value: 9
      objectReference: {fileID: 0}
    - target: {fileID: 100002, guid: 60757288cecaa1c4dbcd3b9584e38b7a, type: 3}
      propertyPath: m_Layer
      value: 9
      objectReference: {fileID: 0}
    - target: {fileID: 100008, guid: 60757288cecaa1c4dbcd3b9584e38b7a, type: 3}
      propertyPath: m_Layer
      value: 9
      objectReference: {fileID: 0}
    m_RemovedComponents: []
  m_SourcePrefab: {fileID: 100100000, guid: 60757288cecaa1c4dbcd3b9584e38b7a, type: 3}
--- !u!1001 &3384821441301933319
PrefabInstance:
  m_ObjectHideFlags: 0
  serializedVersion: 2
  m_Modification:
    m_TransformParent: {fileID: 3384821440724938645}
    m_Modifications:
    - target: {fileID: 100000, guid: 329aea7e1c70d514887ed1ff90f020e4, type: 3}
      propertyPath: m_Name
      value: Antenna_Short
      objectReference: {fileID: 0}
    - target: {fileID: 100000, guid: 329aea7e1c70d514887ed1ff90f020e4, type: 3}
      propertyPath: m_Layer
      value: 9
      objectReference: {fileID: 0}
    - target: {fileID: 400000, guid: 329aea7e1c70d514887ed1ff90f020e4, type: 3}
      propertyPath: m_LocalPosition.x
      value: -0.3812342
      objectReference: {fileID: 0}
    - target: {fileID: 400000, guid: 329aea7e1c70d514887ed1ff90f020e4, type: 3}
      propertyPath: m_LocalPosition.y
      value: 1.2538438
      objectReference: {fileID: 0}
    - target: {fileID: 400000, guid: 329aea7e1c70d514887ed1ff90f020e4, type: 3}
      propertyPath: m_LocalPosition.z
      value: -0.25345933
      objectReference: {fileID: 0}
    - target: {fileID: 400000, guid: 329aea7e1c70d514887ed1ff90f020e4, type: 3}
      propertyPath: m_LocalRotation.x
      value: 0
      objectReference: {fileID: 0}
    - target: {fileID: 400000, guid: 329aea7e1c70d514887ed1ff90f020e4, type: 3}
      propertyPath: m_LocalRotation.y
      value: -0
      objectReference: {fileID: 0}
    - target: {fileID: 400000, guid: 329aea7e1c70d514887ed1ff90f020e4, type: 3}
      propertyPath: m_LocalRotation.z
      value: -0
      objectReference: {fileID: 0}
    - target: {fileID: 400000, guid: 329aea7e1c70d514887ed1ff90f020e4, type: 3}
      propertyPath: m_LocalRotation.w
      value: 1
      objectReference: {fileID: 0}
    - target: {fileID: 400000, guid: 329aea7e1c70d514887ed1ff90f020e4, type: 3}
      propertyPath: m_RootOrder
      value: 5
      objectReference: {fileID: 0}
    - target: {fileID: 400000, guid: 329aea7e1c70d514887ed1ff90f020e4, type: 3}
      propertyPath: m_LocalEulerAnglesHint.x
      value: 0
      objectReference: {fileID: 0}
    - target: {fileID: 400000, guid: 329aea7e1c70d514887ed1ff90f020e4, type: 3}
      propertyPath: m_LocalEulerAnglesHint.y
      value: 0
      objectReference: {fileID: 0}
    - target: {fileID: 400000, guid: 329aea7e1c70d514887ed1ff90f020e4, type: 3}
      propertyPath: m_LocalEulerAnglesHint.z
      value: 0
      objectReference: {fileID: 0}
    - target: {fileID: 100002, guid: 329aea7e1c70d514887ed1ff90f020e4, type: 3}
      propertyPath: m_Layer
      value: 9
      objectReference: {fileID: 0}
    m_RemovedComponents: []
  m_SourcePrefab: {fileID: 100100000, guid: 329aea7e1c70d514887ed1ff90f020e4, type: 3}
--- !u!1001 &3384821441644544714
PrefabInstance:
  m_ObjectHideFlags: 0
  serializedVersion: 2
  m_Modification:
    m_TransformParent: {fileID: 3384821440724938655}
    m_Modifications:
    - target: {fileID: 100000, guid: cbe626afcfb68814194fc158684d1e6b, type: 3}
      propertyPath: m_Name
      value: Weapon_Shock_Rifle_lvl2
      objectReference: {fileID: 0}
    - target: {fileID: 100000, guid: cbe626afcfb68814194fc158684d1e6b, type: 3}
      propertyPath: m_Layer
      value: 9
      objectReference: {fileID: 0}
    - target: {fileID: 400000, guid: cbe626afcfb68814194fc158684d1e6b, type: 3}
      propertyPath: m_LocalPosition.x
      value: -0
      objectReference: {fileID: 0}
    - target: {fileID: 400000, guid: cbe626afcfb68814194fc158684d1e6b, type: 3}
      propertyPath: m_LocalPosition.y
      value: 0
      objectReference: {fileID: 0}
    - target: {fileID: 400000, guid: cbe626afcfb68814194fc158684d1e6b, type: 3}
      propertyPath: m_LocalPosition.z
      value: 0
      objectReference: {fileID: 0}
    - target: {fileID: 400000, guid: cbe626afcfb68814194fc158684d1e6b, type: 3}
      propertyPath: m_LocalRotation.x
      value: 0
      objectReference: {fileID: 0}
    - target: {fileID: 400000, guid: cbe626afcfb68814194fc158684d1e6b, type: 3}
      propertyPath: m_LocalRotation.y
      value: -0
      objectReference: {fileID: 0}
    - target: {fileID: 400000, guid: cbe626afcfb68814194fc158684d1e6b, type: 3}
      propertyPath: m_LocalRotation.z
      value: -0
      objectReference: {fileID: 0}
    - target: {fileID: 400000, guid: cbe626afcfb68814194fc158684d1e6b, type: 3}
      propertyPath: m_LocalRotation.w
      value: 1
      objectReference: {fileID: 0}
    - target: {fileID: 400000, guid: cbe626afcfb68814194fc158684d1e6b, type: 3}
      propertyPath: m_RootOrder
      value: 0
      objectReference: {fileID: 0}
    - target: {fileID: 400000, guid: cbe626afcfb68814194fc158684d1e6b, type: 3}
      propertyPath: m_LocalEulerAnglesHint.x
      value: 0
      objectReference: {fileID: 0}
    - target: {fileID: 400000, guid: cbe626afcfb68814194fc158684d1e6b, type: 3}
      propertyPath: m_LocalEulerAnglesHint.y
      value: 0
      objectReference: {fileID: 0}
    - target: {fileID: 400000, guid: cbe626afcfb68814194fc158684d1e6b, type: 3}
      propertyPath: m_LocalEulerAnglesHint.z
      value: 0
      objectReference: {fileID: 0}
    - target: {fileID: 100002, guid: cbe626afcfb68814194fc158684d1e6b, type: 3}
      propertyPath: m_Layer
      value: 9
      objectReference: {fileID: 0}
    - target: {fileID: 100004, guid: cbe626afcfb68814194fc158684d1e6b, type: 3}
      propertyPath: m_Layer
      value: 9
      objectReference: {fileID: 0}
    m_RemovedComponents: []
  m_SourcePrefab: {fileID: 100100000, guid: cbe626afcfb68814194fc158684d1e6b, type: 3}
