%YAML 1.1
%TAG !u! tag:unity3d.com,2011:
--- !u!1 &7035262982532299017
GameObject:
  m_ObjectHideFlags: 0
  m_CorrespondingSourceObject: {fileID: 0}
  m_PrefabInstance: {fileID: 0}
  m_PrefabAsset: {fileID: 0}
  serializedVersion: 6
  m_Component:
  - component: {fileID: 1119569429561776738}
  - component: {fileID: 1551509595428630728}
  - component: {fileID: 9150064471185597215}
  - component: {fileID: 8889865957905869006}
  - component: {fileID: 7364579391798114300}
  - component: {fileID: 2368206456419871464}
  m_Layer: 12
  m_Name: Bubble_1
  m_TagString: Bubble
  m_Icon: {fileID: 0}
  m_NavMeshLayer: 0
  m_StaticEditorFlags: 0
  m_IsActive: 1
--- !u!4 &1119569429561776738
Transform:
  m_ObjectHideFlags: 0
  m_CorrespondingSourceObject: {fileID: 0}
  m_PrefabInstance: {fileID: 0}
  m_PrefabAsset: {fileID: 0}
  m_GameObject: {fileID: 7035262982532299017}
  m_LocalRotation: {x: 0, y: 0, z: 0, w: 1}
  m_LocalPosition: {x: 0, y: 0, z: 0}
  m_LocalScale: {x: 0.5, y: 0.5, z: 0.5}
  m_Children:
  - {fileID: 3783741593697712370}
  m_Father: {fileID: 0}
  m_RootOrder: 0
  m_LocalEulerAnglesHint: {x: 0, y: 0, z: 0}
--- !u!33 &1551509595428630728
MeshFilter:
  m_ObjectHideFlags: 0
  m_CorrespondingSourceObject: {fileID: 0}
  m_PrefabInstance: {fileID: 0}
  m_PrefabAsset: {fileID: 0}
  m_GameObject: {fileID: 7035262982532299017}
  m_Mesh: {fileID: 10207, guid: 0000000000000000e000000000000000, type: 0}
--- !u!23 &9150064471185597215
MeshRenderer:
  m_ObjectHideFlags: 0
  m_CorrespondingSourceObject: {fileID: 0}
  m_PrefabInstance: {fileID: 0}
  m_PrefabAsset: {fileID: 0}
  m_GameObject: {fileID: 7035262982532299017}
  m_Enabled: 1
  m_CastShadows: 1
  m_ReceiveShadows: 1
  m_DynamicOccludee: 1
  m_MotionVectors: 1
  m_LightProbeUsage: 1
  m_ReflectionProbeUsage: 1
  m_RenderingLayerMask: 1
  m_RendererPriority: 0
  m_Materials:
  - {fileID: 2100000, guid: 72b15916b9ab5a14e96479b917c178cf, type: 2}
  m_StaticBatchInfo:
    firstSubMesh: 0
    subMeshCount: 0
  m_StaticBatchRoot: {fileID: 0}
  m_ProbeAnchor: {fileID: 0}
  m_LightProbeVolumeOverride: {fileID: 0}
  m_ScaleInLightmap: 1
  m_PreserveUVs: 0
  m_IgnoreNormalsForChartDetection: 0
  m_ImportantGI: 0
  m_StitchLightmapSeams: 0
  m_SelectedEditorRenderState: 3
  m_MinimumChartSize: 4
  m_AutoUVMaxDistance: 0.5
  m_AutoUVMaxAngle: 89
  m_LightmapParameters: {fileID: 0}
  m_SortingLayerID: 0
  m_SortingLayer: 0
  m_SortingOrder: 0
--- !u!114 &8889865957905869006
MonoBehaviour:
  m_ObjectHideFlags: 0
  m_CorrespondingSourceObject: {fileID: 0}
  m_PrefabInstance: {fileID: 0}
  m_PrefabAsset: {fileID: 0}
  m_GameObject: {fileID: 7035262982532299017}
  m_Enabled: 1
  m_EditorHideFlags: 0
  m_Script: {fileID: 11500000, guid: 9a0b80d739145af49add16f2c1649edf, type: 3}
  m_Name: 
  m_EditorClassIdentifier: 
  controller: {fileID: 0}
  bubblePool: {fileID: 0}
  bubbleHitEffectPool: {fileID: 0}
  bubbleHitGroundEffectPool: {fileID: 0}
  bubbleHitPlayerSoundPool: {fileID: 0}
  _timer: 0
  bubbleLife: 15
  bubbleSpeed: 5
  f_bubbleSpeedRandomMin: 10
  f_bubbleSpeedRandomMax: 15
  bubbleHitPlayer: 0
--- !u!135 &7364579391798114300
SphereCollider:
  m_ObjectHideFlags: 0
  m_CorrespondingSourceObject: {fileID: 0}
  m_PrefabInstance: {fileID: 0}
  m_PrefabAsset: {fileID: 0}
  m_GameObject: {fileID: 7035262982532299017}
  m_Material: {fileID: 0}
  m_IsTrigger: 1
  m_Enabled: 1
  serializedVersion: 2
  m_Radius: 0.5
  m_Center: {x: 0, y: 0, z: 0}
--- !u!54 &2368206456419871464
Rigidbody:
  m_ObjectHideFlags: 0
  m_CorrespondingSourceObject: {fileID: 0}
  m_PrefabInstance: {fileID: 0}
  m_PrefabAsset: {fileID: 0}
  m_GameObject: {fileID: 7035262982532299017}
  serializedVersion: 2
  m_Mass: 1
  m_Drag: 0
  m_AngularDrag: 0.05
  m_UseGravity: 0
  m_IsKinematic: 0
  m_Interpolate: 0
  m_Constraints: 0
  m_CollisionDetection: 0
--- !u!1001 &2947685600674982578
PrefabInstance:
  m_ObjectHideFlags: 0
  serializedVersion: 2
  m_Modification:
    m_TransformParent: {fileID: 1119569429561776738}
    m_Modifications:
    - target: {fileID: 2047665039459799631, guid: 7d607bfa5bfc8b640bd8583f9b97fa4e,
        type: 3}
      propertyPath: m_Name
      value: BubbleEffectOnBall
      objectReference: {fileID: 0}
    - target: {fileID: 2047665039459799616, guid: 7d607bfa5bfc8b640bd8583f9b97fa4e,
        type: 3}
      propertyPath: m_LocalPosition.x
      value: 0
      objectReference: {fileID: 0}
    - target: {fileID: 2047665039459799616, guid: 7d607bfa5bfc8b640bd8583f9b97fa4e,
        type: 3}
      propertyPath: m_LocalPosition.y
      value: 0
      objectReference: {fileID: 0}
    - target: {fileID: 2047665039459799616, guid: 7d607bfa5bfc8b640bd8583f9b97fa4e,
        type: 3}
      propertyPath: m_LocalPosition.z
      value: 0
      objectReference: {fileID: 0}
    - target: {fileID: 2047665039459799616, guid: 7d607bfa5bfc8b640bd8583f9b97fa4e,
        type: 3}
      propertyPath: m_LocalRotation.x
      value: 0
      objectReference: {fileID: 0}
    - target: {fileID: 2047665039459799616, guid: 7d607bfa5bfc8b640bd8583f9b97fa4e,
        type: 3}
      propertyPath: m_LocalRotation.y
      value: 0
      objectReference: {fileID: 0}
    - target: {fileID: 2047665039459799616, guid: 7d607bfa5bfc8b640bd8583f9b97fa4e,
        type: 3}
      propertyPath: m_LocalRotation.z
      value: 0
      objectReference: {fileID: 0}
    - target: {fileID: 2047665039459799616, guid: 7d607bfa5bfc8b640bd8583f9b97fa4e,
        type: 3}
      propertyPath: m_LocalRotation.w
      value: 1
      objectReference: {fileID: 0}
    - target: {fileID: 2047665039459799616, guid: 7d607bfa5bfc8b640bd8583f9b97fa4e,
        type: 3}
      propertyPath: m_RootOrder
      value: 0
      objectReference: {fileID: 0}
    - target: {fileID: 2047665039459799616, guid: 7d607bfa5bfc8b640bd8583f9b97fa4e,
        type: 3}
      propertyPath: m_LocalEulerAnglesHint.x
      value: 0
      objectReference: {fileID: 0}
    - target: {fileID: 2047665039459799616, guid: 7d607bfa5bfc8b640bd8583f9b97fa4e,
        type: 3}
      propertyPath: m_LocalEulerAnglesHint.y
      value: 0
      objectReference: {fileID: 0}
    - target: {fileID: 2047665039459799616, guid: 7d607bfa5bfc8b640bd8583f9b97fa4e,
        type: 3}
      propertyPath: m_LocalEulerAnglesHint.z
      value: 0
      objectReference: {fileID: 0}
    - target: {fileID: 2047665039459799616, guid: 7d607bfa5bfc8b640bd8583f9b97fa4e,
        type: 3}
      propertyPath: m_LocalScale.x
      value: 0.5
      objectReference: {fileID: 0}
    - target: {fileID: 2047665039459799616, guid: 7d607bfa5bfc8b640bd8583f9b97fa4e,
        type: 3}
      propertyPath: m_LocalScale.y
      value: 0.5
      objectReference: {fileID: 0}
    - target: {fileID: 2047665039459799616, guid: 7d607bfa5bfc8b640bd8583f9b97fa4e,
        type: 3}
      propertyPath: m_LocalScale.z
      value: 0.5
      objectReference: {fileID: 0}
    m_RemovedComponents: []
  m_SourcePrefab: {fileID: 100100000, guid: 7d607bfa5bfc8b640bd8583f9b97fa4e, type: 3}
--- !u!4 &3783741593697712370 stripped
Transform:
  m_CorrespondingSourceObject: {fileID: 2047665039459799616, guid: 7d607bfa5bfc8b640bd8583f9b97fa4e,
    type: 3}
  m_PrefabInstance: {fileID: 2947685600674982578}
  m_PrefabAsset: {fileID: 0}
